@article{delorme1985large,
  title={Large bipartite graphs with given degree and diameter},
  author={Delorme, Charles},
  journal={Journal of graph theory},
  volume={9},
  number={3},
  pages={325--334},
  year={1985},
  publisher={Wiley Online Library}
}

@article{delorme1985grands,
  title={Grands graphes de degr{\'e} et diametre donn{\'e}s},
  author={Delorme, Charles},
  journal={European Journal of Combinatorics},
  volume={6},
  number={4},
  pages={291--302},
  year={1985},
  publisher={Academic Press}
}

@article{delorme1984large,
  title={Large Graphs with Given Degree and Diameter? Part I},
  author={Delorme, Charles and Farhi, G},
  journal={IEEE Transactions on Computers},
  volume={33},
  number={09},
  pages={857--860},
  year={1984},
  publisher={IEEE Computer Society}
}
