
@inproceedings{besta2018log,
  title={Log (graph) a near-optimal high-performance graph representation},
    author={Besta, Maciej and Stanojevic, Dimitri and Zivic, Tijana and Singh, Jagpreet and Hoerold, Maurice and Hoefler, Torsten},
      booktitle={ACM PACT},
        pages={1--13},
          year={2018}
}

@inproceedings{hoefler2017spin,
  title={sPIN: High-performance streaming Processing in the Network},
    author={Hoefler, Torsten and Di Girolamo, Salvatore and Taranov, Konstantin and Grant, Ryan E and Brightwell, Ron},
      booktitle={ACM/IEEE Supercomputing},
        @pages={1--16},
          year={2017}
}

@article{besta2019practice,
  title={Practice of Streaming and Dynamic Graphs: Concepts, Models, Systems, and Parallelism},
    author={Besta, Maciej and Fischer, Marc and Kalavri, Vasiliki and Kapralov, Michael and Hoefler, Torsten},
      journal={arXiv preprint arXiv:1912.12740},
        year={2019}
}

@article{besta2019demystifying,
  title={Demystifying graph databases: Analysis and taxonomy of data organization, system designs, and graph queries},
    author={Besta, Maciej and Peter, Emanuel and Gerstenberger, Robert and Fischer, Marc and Podstawski, Micha{\l} and Barthels, Claude and Alonso, Gustavo and Hoefler, Torsten},
      journal={arXiv preprint arXiv:1910.09017},
        year={2019}
}

@article{besta2018survey,
  title={Survey and taxonomy of lossless graph compression and space-efficient graph representations},
    author={Besta, Maciej and Hoefler, Torsten},
      journal={arXiv preprint arXiv:1806.01799},
        year={2018}
}

@article{ben2019modular,
  title={A Modular Benchmarking Infrastructure for High-Performance and Reproducible Deep Learning},
    author={Ben-Nun, Tal and Besta, Maciej and Huber, Simon and Ziogas, Alexandros Nikolaos and Peter, Daniel and Hoefler, Torsten},
      journal={arXiv preprint arXiv:1901.10183},
        year={2019}
}


@article{de2018transformations,
  title={Transformations of High-Level Synthesis Codes for High-Performance Computing},
    @author={de Fine Licht, Johannes and Meierhans, Simon and Hoefler, Torsten},
    author={de Fine Licht, Johannes and others},
      journal={arXiv:1805.08288},
        year={2018}
}

@inproceedings{kwasniewski2019red,
  title={Red-blue pebbling revisited: near optimal parallel matrix-matrix multiplication},
    author={Kwasniewski, Grzegorz and Kabi{\'c}, Marko and Besta, Maciej and VandeVondele, Joost and Solc{\`a}, Raffaele and Hoefler, Torsten},
      booktitle={ACM/IEEE Supercomputing},
        pages={24},
          year={2019},
            organization={ACM}
}

@inproceedings{schmid2016high,
  title={{High-performance distributed RMA locks}},
    author={Schmid, Patrick and Besta, Maciej and Hoefler, Torsten},
      booktitle={ACM HPDC},
        pages={19--30},
          year={2016},
            @organization={ACM}
}

@inproceedings{besta2014fault,
  title={Fault tolerance for remote memory access programming models},
    author={Besta, Maciej and Hoefler, Torsten},
      booktitle={ACM HPDC},
        pages={37--48},
          year={2014},
            @organization={ACM}
}


@article{besta2020communication,
  title={Communication-Efficient Jaccard Similarity for High-Performance Distributed Genome Comparisons},
    author={Besta, Maciej and Kanakagiri, Raghavendra and Mustafa, Harun and Karasikov, Mikhail and R{\"a}tsch, Gunnar and Hoefler, Torsten and Solomonik, Edgar},
      @journal={arXiv preprint arXiv:1911.04200},
      journal={IEEE IPDPS},
        year={2020}
}

@article{besta2019slim,
  title={Slim Graph: Practical Lossy Graph Compression for Approximate Graph Processing, Storage, and Analytics},
    author={Besta, Maciej and others},
      journal={Proceedings of the International Conference for High Performance Computing, Networking, Storage and Analysis},
        year={2019}
}


@article{di2019network,
  title={Network-Accelerated Non-Contiguous Memory Transfers},
    author={Di Girolamo, Salvatore and Taranov, Konstantin and Kurth, Andreas and Schaffner, Michael and Schneider, Timo and Ber{\'a}nek, Jakub and Besta, Maciej and Benini, Luca and Roweth, Duncan and Hoefler, Torsten},
      journal={ACM/IEEE Supercomputing},
        year={2019}
}

@inproceedings{besta2019substream,
  title={Substream-Centric Maximum Matchings on FPGA},
    author={Besta, Maciej and Fischer, Marc and Ben-Nun, Tal and De Fine Licht, Johannes and Hoefler, Torsten},
      booktitle={ACM/SIGDA FPGA},
        pages={152--161},
          year={2019},
            @organization={ACM}
}

@article{besta2019graph,
  title={Graph Processing on FPGAs: Taxonomy, Survey, Challenges},
    author={Besta, Maciej and Stanojevic, Dimitri and Licht, Johannes De Fine and Ben-Nun, Tal and Hoefler, Torsten},
      journal={arXiv preprint arXiv:1903.06697},
        year={2019}
}

@inproceedings{besta2018slim,
  title={Slim NoC: A low-diameter on-chip network topology for high energy efficiency and scalability},
    author={Besta, Maciej and Hassan, Syed Minhaj and Yalamanchili, Sudhakar and Ausavarungnirun, Rachata and Mutlu, Onur and Hoefler, Torsten},
      booktitle={ACM SIGPLAN Notices},
        @volume={53},
          @number={2},
            @pages={43--55},
              year={2018},
                @organization={ACM}
}

@inproceedings{gianinazzi2018communication,
  title={Communication-avoiding parallel minimum cuts and connected components},
    author={Gianinazzi, Lukas and Kalvoda, Pavel and De Palma, Alessandro and Besta, Maciej and Hoefler, Torsten},
      booktitle={ACM SIGPLAN Notices},
        volume={53},
          number={1},
            pages={219--232},
              year={2018},
                organization={ACM}
}

@inproceedings{solomonik2017scaling,
  title={Scaling betweenness centrality using communication-efficient sparse matrix multiplication},
    author={Solomonik, Edgar and Besta, Maciej and Vella, Flavio and Hoefler, Torsten},
      booktitle={ACM/IEEE Supercomputing},
        pages={47},
          year={2017},
            @organization={ACM}
}

@inproceedings{besta2017push,
  title={To push or to pull: On reducing communication and synchronization in graph computations},
    author={Besta, Maciej and Podstawski, Micha{\l} and Groner, Linus and Solomonik, Edgar and Hoefler, Torsten},
      booktitle={ACM HPDC},
        @pages={93--104},
          year={2017},
            @organization={ACM}
}

@inproceedings{besta2017slimsell,
  title={Slimsell: A vectorizable graph representation for breadth-first search},
    author={Besta, Maciej and Marending, Florian and Solomonik, Edgar and Hoefler, Torsten},
      booktitle={IEEE IPDPS},
        pages={32--41},
          year={2017},
            @organization={IEEE}
}

@inproceedings{schweizer2015evaluating,
  title={Evaluating the cost of atomic operations on modern architectures},
    author={Schweizer, Hermann and Besta, Maciej and Hoefler, Torsten},
      booktitle={IEEE PACT},
        pages={445--456},
          year={2015},
            @organization={IEEE}
}

@inproceedings{besta2015accelerating,
  title={Accelerating irregular computations with hardware transactional memory and active messages},
    author={Besta, Maciej and Hoefler, Torsten},
      booktitle={ACM HPDC},
        @pages={161--172},
          year={2015},
            @organization={ACM}
}

@inproceedings{besta2015active,
  title={Active access: A mechanism for high-performance distributed data-centric computations},
    author={Besta, Maciej and Hoefler, Torsten},
      booktitle={ACM ICS},
        @pages={155--164},
          year={2015},
            @organization={ACM}
}

@inproceedings{tate2014programming,
  title={Programming abstractions for data locality},
    author={Tate, Adrian and others},
    @author={Tate, Adrian and Kamil, Amir and Dubey, Anshu and Gr{\"o}{\ss}linger, Armin and Chamberlain, Brad and Goglin, Brice and Edwards, Carter and Newburn, Chris J and Padua, David and Unat, Didem and others},
      year={2014},
        organization={PADAL Workshop 2014}
}



@inproceedings{sutton2018optimizing,
  title={Optimizing parallel graph connectivity computation via subgraph sampling},
    author={Sutton, Michael and Ben-Nun, Tal and Barak, Amnon},
      booktitle={2018 IEEE International Parallel and Distributed Processing Symposium (IPDPS)},
        pages={12--21},
          year={2018},
            organization={IEEE}
}

@inproceedings{ben2019stateful,
  title={Stateful Dataflow Multigraphs: A data-centric model for performance portability on heterogeneous architectures},
    author={Ben-Nun, Tal and de Fine Licht, Johannes and Ziogas, Alexandros N and Schneider, Timo and Hoefler, Torsten},
      booktitle={Proceedings of the International Conference for High Performance Computing, Networking, Storage and Analysis},
        pages={1--14},
          year={2019}
}

@inproceedings{ziogas2019data,
  title={A data-centric approach to extreme-scale ab initio dissipative quantum transport simulations},
    author={Ziogas, Alexandros Nikolaos and Ben-Nun, Tal and Fern{\'a}ndez, Guillermo Indalecio and Schneider, Timo and Luisier, Mathieu and Hoefler, Torsten},
      booktitle={Proceedings of the International Conference for High Performance Computing, Networking, Storage and Analysis},
        pages={1--13},
          year={2019}
}

@article{ben2019demystifying,
  title={Demystifying parallel and distributed deep learning: An in-depth concurrency analysis},
    author={Ben-Nun, Tal and Hoefler, Torsten},
      journal={ACM Computing Surveys (CSUR)},
        volume={52},
          number={4},
            pages={1--43},
              year={2019},
                publisher={ACM New York, NY, USA}
}

@inproceedings{ben2018neural,
  title={Neural code comprehension: A learnable representation of code semantics},
    author={Ben-Nun, Tal and Jakobovits, Alice Shoshana and Hoefler, Torsten},
      booktitle={Advances in Neural Information Processing Systems},
        pages={3585--3597},
          year={2018}
}

@inproceedings{oyama2018accelerating,
  title={Accelerating deep learning frameworks with micro-batches},
    author={Oyama, Yosuke and Ben-Nun, Tal and Hoefler, Torsten and Matsuoka, Satoshi},
      booktitle={2018 IEEE International Conference on Cluster Computing (CLUSTER)},
        pages={402--412},
          year={2018},
            organization={IEEE}
}

@inproceedings{li2020taming,
  title={Taming unbalanced training workloads in deep learning with partial collective operations},
    author={Li, Shigang and Ben-Nun, Tal and Girolamo, Salvatore Di and Alistarh, Dan and Hoefler, Torsten},
      booktitle={Proceedings of the 25th ACM SIGPLAN Symposium on Principles and Practice of Parallel Programming},
        pages={45--61},
          year={2020}
}

@article{gronquist2019predicting,
  title={Predicting weather uncertainty with deep convnets},
    author={Gr{\"o}nquist, Peter and Ben-Nun, Tal and Dryden, Nikoli and Dueben, Peter and Lavarini, Luca and Li, Shigang and Hoefler, Torsten},
      journal={arXiv preprint arXiv:1911.00630},
        year={2019}
}

@inproceedings{even1975complexity,
  title={On the complexity of time table and multi-commodity flow problems},
    author={Even, Shimon and Itai, Alon and Shamir, Adi},
      booktitle={16th Annual Symposium on Foundations of Computer Science (sfcs 1975)},
        pages={184--193},
          year={1975},
            organization={IEEE}
}

@inproceedings{bhatele2013there,
  title={There goes the neighborhood: performance degradation due to nearby jobs},
    author={Bhatele, Abhinav and Mohror, Kathryn and Langer, Steven H and Isaacs, Katherine E},
      booktitle={SC'13: Proceedings of the International Conference on High Performance Computing, Networking, Storage and Analysis},
        pages={1--12},
          year={2013},
            organization={IEEE}
}

@book{dally2004principles,
  title={Principles and practices of interconnection networks},
    author={Dally, William James and Towles, Brian Patrick},
      year={2004},
        publisher={Elsevier}
}

@article{farinacci2013locator,
  title={The locator/id separation protocol (lisp) rfc 6830},
    author={Farinacci, D and Lewis, D and Meyer, D and Fuller, V},
      year={2013}
}

@inproceedings{iwate2002global,
  title={Global Optical Ethernet Architecture As Cost-Effective Scalable VPN solution},
    author={IWATE, A},
      booktitle={NFOEC},
        @volume={13},
          @pages={1636--1649},
            year={2002}
}

@article{ieee2001mstp,
  title={Amendment 3 to 802.1Q virtual bridged local area networks: Multiple spanning trees},
    author={{ANSI/IEEE}},
      journal={ANSI/IEEE Draft Standard P802.1s/D11.2},
              year={2001}
}

@article{ieee2003rstp,
  title={Virtual Bridged Local Area Networks Amendment 4: Provider Bridges},
    author={{ANSI/IEEE}},
      journal={ANSI/IEEE Draft Standard P802.1ad/D1},
              year={2003}
}

@article{ls2006ieee,
  title={IEEE Standard for Local and Metropolitan Area Networks—Virtual Bridged Local Area Networks},
    author={{LS Committee and others}},
      journal={IEEE Std},
        volume={802},
          year={2006}
}

@misc{awduche2001rsvp,
  title={RSVP-TE: extensions to RSVP for LSP tunnels},
    author={Awduche, DGTLVSD and Berger, Lou and Gan, D and Li, Tony and Srinivasan, Vijay and Swallow, George},
      year={2001},
        publisher={RFC 3209, December}
}

@inproceedings{elwalid2001mate,
  title={MATE: MPLS adaptive traffic engineering},
    author={Elwalid, Anwar and Jin, Cheng and Low, Steven and Widjaja, Indra},
      booktitle={IEEE INFOCOM},
        @volume={3},
          @pages={1300--1309},
            year={2001},
              @organization={IEEE}
}



@misc{zinin2002routing,
  title={Routing: Packet Forwarding and Intra-domain Routing Protocols},
    author={Zinin, A and Cisco, IP},
      year={2002},
        publisher={Boston, MA: Addison-Wesley,}
}

@article{sridharan2005achieving,
  title={Achieving near-optimal traffic engineering solutions for current OSPF/IS-IS networks},
    @author={Sridharan, Ashwin and Gu{\'e}rin, Roch and Diot, Christophe},
    author={Sridharan, Ashwin and others},
      journal={IEEE/ACM TON},
        volume={13},
          number={2},
            pages={234--247},
              year={2005},
                publisher={IEEE}
}

@article{lochert2007survey,
  title={A survey on congestion control for mobile ad hoc networks},
    author={Lochert, Christian and Scheuermann, Bj{\"o}rn and Mauve, Martin},
      journal={Wireless communications and mobile computing},
        volume={7},
          number={5},
            pages={655--676},
              year={2007},
                publisher={Wiley Online Library}
}

@article{silva2015survey,
  title={A survey on congestion control for delay and disruption tolerant networks},
    author={Silva, Aloizio P and Burleigh, Scott and Hirata, Celso M and Obraczka, Katia},
      journal={Ad Hoc Networks},
        volume={25},
          pages={480--494},
            year={2015},
              publisher={Elsevier}
}

@article{sergiou2014comprehensive,
  title={A comprehensive survey of congestion control protocols in wireless sensor networks},
    author={Sergiou, Charalambos and Antoniou, Pavlos and Vassiliou, Vasos},
      journal={IEEE Communications Surveys \& Tutorials},
        volume={16},
          number={4},
            pages={1839--1859},
              year={2014},
                publisher={IEEE}
}

@article{matrawy2003survey,
  title={A survey of congestion control schemes for multicast video applications},
    author={Matrawy, Ashraf and Lambadaris, Ioannis},
      journal={IEEE Communications Surveys \& Tutorials},
        volume={5},
          number={2},
            pages={22--31},
              year={2003},
                publisher={IEEE}
}

@inproceedings{flora2011survey,
  title={A survey on congestion control techniques in wireless sensor networks},
    author={Flora, DF Jenolin and Kavitha, V and Muthuselvi, M},
      booktitle={ICETECT},
        pages={1146--1149},
          year={2011},
            organization={IEEE}
}

@inproceedings{zhao2010survey,
  title={A survey of congestion control mechanisms in wireless sensor networks},
    author={Zhao, Jing and Wang, Lei and Li, Suran and Liu, Xiaokang and Yuan, Zhuxiu and Gao, Zhengjiu},
      booktitle={2010 Sixth International Conference on Intelligent Information Hiding and Multimedia Signal Processing},
        pages={719--722},
          year={2010},
            organization={IEEE}
}

@inproceedings{callegari2013survey,
  title={A survey of congestion control mechanisms in linux tcp},
    author={Callegari, Christian and Giordano, Stefano and Pagano, Michele and Pepe, Teresa},
      booktitle={International Conference on Distributed Computer and Communication Networks},
        pages={28--42},
          year={2013},
            organization={Springer}
}

@article{reddy2008survey,
  title={A survey on congestion control mechanisms in high speed networks},
    author={Reddy, K Satyanarayan and Reddy, Lokanatha C},
      journal={IJCSNS-International Journal of Computer Science and Network Security},
        volume={8},
          number={1},
            pages={187--195},
              year={2008}
}

@incollection{dashkova2012survey,
  title={Survey on congestion control mechanisms for wireless sensor networks},
    author={Dashkova, Ekaterina and Gurtov, Andrei},
      booktitle={Internet of things, smart spaces, and next generation networking},
        pages={75--85},
          year={2012},
            publisher={Springer}
}

@article{luo2001survey,
  title={A survey of congestion control in the internet},
    author={Luo, Wan-Ming and Lin, Chuang and Yan, Bao-Ping},
      journal={CHINESE JOURNAL OF COMPUTERS-CHINESE EDITION-},
        volume={24},
          number={1},
            pages={1--18},
              year={2001},
                publisher={SCIENCE PRESS}
}

@article{jain1996congestion,
  title={Congestion control and traffic management in ATM networks: Recent advances and a survey},
    author={Jain, Raj},
      journal={Computer Networks and ISDN systems},
        volume={28},
          number={13},
            pages={1723--1738},
              year={1996},
                publisher={Elsevier}
}

@article{widmer2001survey,
  title={A survey on TCP-friendly congestion control},
    author={Widmer, J{\"o}rg and Denda, Robert and Mauve, Martin},
      journal={IEEE network},
        volume={15},
          number={3},
            pages={28--37},
              year={2001},
                publisher={IEEE}
}

@article{ghaffari2015congestion,
  title={Congestion control mechanisms in wireless sensor networks: A survey},
    author={Ghaffari, Ali},
      journal={Journal of network and computer applications},
        volume={52},
          pages={101--115},
            year={2015},
              publisher={Elsevier}
}

@article{maheshwari2014survey,
  title={A survey on congestion control in MANET},
    author={Maheshwari, Geetika and Gour, Mahesh and Chourasia, Umesh Kumar},
      journal={International Journal of Computer Science and Information Technologies (IJCSIT)},
        volume={5},
          number={2},
            pages={998--1001},
              year={2014}
}

@article{xu2016congestion,
  title={Congestion control design for multipath transport protocols: A survey},
    author={Xu, Changqiao and Zhao, Jia and Muntean, Gabriel-Miro},
      journal={IEEE communications surveys \& tutorials},
        @volume={18},
          @number={4},
            @pages={2948--2969},
              year={2016},
                @publisher={IEEE}
}

@inproceedings{shoja2014comparative,
  title={A comparative survey on load balancing algorithms in cloud computing},
    author={Shoja, Hamid and Nahid, Hossein and Azizi, Reza},
      booktitle={Fifth International Conference on Computing, Communications and Networking Technologies (ICCCNT)},
        pages={1--5},
          year={2014},
            organization={IEEE}
}

@article{thakur2017taxonomic,
  title={A taxonomic survey on load balancing in cloud},
    author={Thakur, Avnish and Goraya, Major Singh},
      journal={Journal of Network and Computer Applications},
        volume={98},
          pages={43--57},
            year={2017},
              publisher={Elsevier}
}

@article{zhang2018load,
  title={Load balancing in data center networks: A survey},
    author={Zhang, Jiao and Yu, F Richard and Wang, Shuo and Huang, Tao and Liu, Zengyi and Liu, Yunjie},
      journal={IEEE Communications Surveys \& Tutorials},
        volume={20},
          number={3},
            pages={2324--2352},
              year={2018},
                publisher={IEEE}
}

@article{xu2017survey,
  title={A survey on load balancing algorithms for virtual machines placement in cloud computing},
    author={Xu, Minxian and Tian, Wenhong and Buyya, Rajkumar},
      journal={Concurrency and Computation: Practice and Experience},
        volume={29},
          number={12},
            pages={e4123},
              year={2017},
                publisher={Wiley Online Library}
}

@article{aruna2013survey,
  title={A survey on load balancing algorithms in cloud environment},
    author={Aruna, M and Bhanu, D and Punithagowri, R},
      journal={International Journal of Computer Applications},
        volume={82},
          number={16},
            year={2013},
              publisher={Foundation of Computer Science}
}

@article{ghomi2017load,
  title={Load-balancing algorithms in cloud computing: A survey},
    author={Ghomi, Einollah Jafarnejad and Rahmani, Amir Masoud and Qader, Nooruldeen Nasih},
      journal={Journal of Network and Computer Applications},
        volume={88},
          pages={50--71},
            year={2017},
              publisher={Elsevier}
}

@inproceedings{shaw2014survey,
  title={A survey on scheduling and load balancing techniques in cloud computing environment},
    author={Shaw, Subhadra Bose and Singh, AK},
      booktitle={2014 international conference on computer and communication technology (ICCCT)},
        pages={87--95},
          year={2014},
            organization={IEEE}
}


@article{chen2011survey,
  title={Survey on routing in data centers: insights and future directions},
    author={Chen, Kai and Hu, Chengchen and Zhang, Xin and Zheng, Kai and Chen, Yan and Vasilakos, Athanasios V},
      journal={IEEE network},
        volume={25},
          number={4},
            pages={6--10},
              year={2011},
                publisher={IEEE}
}

@article{bari2012data,
  title={Data center network virtualization: A survey},
    author={Bari, Md Faizul and Boutaba, Raouf and Esteves, Rafael and Granville, Lisandro Zambenedetti and Podlesny, Maxim and Rabbani, Md Golam and Zhang, Qi and Zhani, Mohamed Faten},
      journal={IEEE Communications Surveys \& Tutorials},
        volume={15},
          number={2},
            pages={909--928},
              year={2012},
                publisher={IEEE}
}

@article{shuja2014survey,
  title={Survey of techniques and architectures for designing energy-efficient data centers},
    author={Shuja, Junaid and Bilal, Kashif and Madani, Sajjad A and Othman, Mazliza and Ranjan, Rajiv and Balaji, Pavan and Khan, Samee U},
      journal={IEEE Systems Journal},
        volume={10},
          number={2},
            pages={507--519},
              year={2014},
                publisher={IEEE}
}

@incollection{beloglazov2011taxonomy,
  title={A taxonomy and survey of energy-efficient data centers and cloud computing systems},
    author={Beloglazov, Anton and Buyya, Rajkumar and Lee, Young Choon and Zomaya, Albert},
      booktitle={Advances in computers},
        volume={82},
          pages={47--111},
            year={2011},
              publisher={Elsevier}
}

@article{kachris2012survey,
  title={A survey on optical interconnects for data centers},
    author={Kachris, Christoforos and Tomkos, Ioannis},
      journal={IEEE Communications Surveys \& Tutorials},
        volume={14},
          number={4},
            pages={1021--1036},
              year={2012},
                publisher={IEEE}
}

@article{zhang2014free,
  title={Free cooling of data centers: A review},
    author={Zhang, Hainan and Shao, Shuangquan and Xu, Hongbo and Zou, Huiming and Tian, Changqing},
      journal={Renewable and Sustainable Energy Reviews},
        volume={35},
          pages={171--182},
            year={2014},
              publisher={Elsevier}
}

@article{jain2013network,
  title={Network virtualization and software defined networking for cloud computing: a survey},
    author={Jain, Raj and Paul, Subharthi},
      journal={IEEE Communications Magazine},
        volume={51},
          number={11},
            pages={24--31},
              year={2013},
                publisher={IEEE}
}

@article{ahmad2015survey,
  title={A survey on virtual machine migration and server consolidation frameworks for cloud data centers},
    author={Ahmad, Raja Wasim and Gani, Abdullah and Hamid, Siti Hafizah Ab and Shiraz, Muhammad and Yousafzai, Abdullah and Xia, Feng},
      journal={Journal of network and computer applications},
        volume={52},
          pages={11--25},
            year={2015},
              publisher={Elsevier}
}






@article{bosshart2014p4,
  title={P4: Programming protocol-independent packet processors},
    author={Bosshart, Pat and Daly, Dan and Gibb, Glen and Izzard, Martin and McKeown, Nick and Rexford, Jennifer and Schlesinger, Cole and Talayco, Dan and Vahdat, Amin and Varghese, George and others},
      journal={ACM SIGCOMM Computer Communication Review},
        volume={44},
          number={3},
            pages={87--95},
              year={2014},
                publisher={ACM New York, NY, USA}
}

@inproceedings{sohn2006congestion,
  title={Congestion-triggered multipath routing based on shortest path information},
    author={Sohn, Soonyong and Mark, Brian L and Brassil, John T},
      booktitle={IEEE ICCCN},
        @pages={191--196},
          year={2006},
            @organization={IEEE}
}

@book{gropp1999using,
  title={Using MPI: portable parallel programming with the message-passing interface},
    author={Gropp, William and Gropp, William D and Lusk, Argonne Distinguished Fellow Emeritus Ewing and Lusk, Ewing and Skjellum, Anthony},
      volume={1},
        year={1999},
          publisher={MIT press}
}

@misc{openfabricslibfabric,
  title={Libfabric Programmer’s Manual},
    author={OpenFabrics, Libfabric}
}

@article{pfister2001introduction,
  title={An introduction to the infiniband architecture},
    author={Pfister, Gregory F},
      journal={High Performance Mass Storage and Parallel I/O},
        volume={42},
          pages={617--632},
            year={2001},
              publisher={IEEE press}
}

@article{feng2007green500,
  title={The green500 list: Encouraging sustainable supercomputing},
    author={Feng, Wu-chun and Cameron, Kirk},
      journal={Computer},
        volume={40},
          number={12},
            pages={50--55},
              year={2007},
                publisher={IEEE}
}

@article{lebiednik2016survey,
  title={A survey and evaluation of data center network topologies},
      author={Lebiednik, Brian and Mangal, Aman and Tiwari, Niharika},
            journal={arXiv preprint arXiv:1605.01701},
                    year={2016}
}

@inproceedings{karacali2018assessing,
  title={Assessing Cloud Network Performance},
    author={Karacali, Bengi and Tracey, John M and Crumley, Paul G and Basso, Claude},
      booktitle={2018 IEEE International Conference on Communications (ICC)},
        pages={1--7},
          year={2018},
            organization={IEEE}
}

@article{sehery2017flow,
  title={Flow optimization in data centers with Clos networks in support of cloud applications},
    author={Sehery, Wile and Clancy, Charles},
      journal={IEEE Transactions on Network and Service Management},
        volume={14},
          number={4},
            pages={847--859},
              year={2017},
                publisher={IEEE}
}



@inproceedings{yuan2014lfti,
  title={LFTI: A new performance metric for assessing interconnect designs for extreme-scale HPC systems},
    author={Yuan, Xin and Mahapatra, Santosh and Lang, Michael and Pakin, Scott},
      booktitle={2014 IEEE 28th International Parallel and Distributed Processing Symposium},
        pages={273--282},
          year={2014},
            organization={IEEE}
}

@inproceedings{lu2018multi,
  title={{Multi-path transport for RDMA in datacenters}},
    author={Lu, Yuanwei and Chen, Guo and Li, Bojie and Tan, Kun and Xiong, Yongqiang and Cheng, Peng and Zhang, Jiansong and Chen, Enhong and Moscibroda, Thomas},
      booktitle={15th USENIX Symposium on Networked Systems Design and Implementation (NSDI 18)},
        pages={357--371},
          year={2018}
}

@inproceedings{skeie2002layered,
  title={Layered shortest path (LASH) routing in irregular system area networks},
    author={Skeie, Tor and Lysne, Olav and Theiss, Ingebj{\o}rg},
      booktitle={ipdps},
        pages={0162},
          year={2002},
            organization={Citeseer}
}

@article{al2017new,
  title={A new power efficient high performance interconnection network for many-core processors},
  author={Al Faisal, Faiz and Rahman, MM Hafizur and Inoguchi, Yasushi},
  journal={Journal of Parallel and Distributed Computing},
  volume={101},
  pages={92--102},
  year={2017},
  publisher={Elsevier}
}

@article{truong2016distributed,
  title={Distributed shortcut networks: Low-latency low-degree non-random topologies targeting the diameter and cable length trade-off},
  author={Truong, Nguyen T and Fujiwara, Ikki and Koibuchi, Michihiro and Nguyen, Khanh-Van},
  journal={IEEE Transactions on Parallel and Distributed Systems},
  volume={28},
  number={4},
  pages={989--1001},
  year={2016},
  publisher={IEEE}
}

@article{azizi2016hhs,
  title={HHS: an efficient network topology for large-scale data centers},
  author={Azizi, Sadoon and Hashemi, Naser and Khonsari, Ahmad},
  journal={The Journal of Supercomputing},
  volume={72},
  number={3},
  pages={874--899},
  year={2016},
  publisher={Springer}
}

@article{kawano2017layout,
  title={A layout-oriented routing method for low-latency HPC networks},
  author={Kawano, Ryuta and Nakahara, Hiroshi and Fujiwara, Ikki and Matsutani, Hiroki and Koibuchi, Michihiro and Amano, Hideharu},
  journal={IEICE TRANSACTIONS on Information and Systems},
  volume={100},
  number={12},
  pages={2796--2807},
  year={2017},
  publisher={The Institute of Electronics, Information and Communication Engineers}
}

@inproceedings{flajslik2018megafly,
  title={Megafly: A Topology for Exascale Systems},
  author={Flajslik, Mario and Borch, Eric and Parker, Mike A},
  booktitle={International Conference on High Performance Computing},
  @pages={289--310},
  year={2018},
  @organization={Springer}
}

@article{truong2016layout,
  title={Layout-conscious expandable topology for low-degree interconnection networks},
  author={Truong, Thao-Nguyen and Nguyen, Khanh-Van and Fujiwara, Ikki and Koibuchi, Michihiro},
  journal={IEICE TRANSACTIONS on Information and Systems},
  volume={99},
  number={5},
  pages={1275--1284},
  year={2016},
  publisher={The Institute of Electronics, Information and Communication Engineers}
}

@inproceedings{kawano2016loren,
  title={LOREN: A scalable routing method for layout-conscious random topologies},
  author={Kawano, Ryuta and Nakahara, Hiroshi and Fujiwara, Ikki and Matsutani, Hiroki and Koibuchi, Michihiro and Amano, Hideharu},
  booktitle={2016 Fourth International Symposium on Computing and Networking (CANDAR)},
  pages={9--18},
  year={2016},
  organization={IEEE}
}

@article{harsh2018expander,
  title={Expander Datacenters: From Theory to Practice},
  author={Harsh, Vipul and Jyothi, Sangeetha Abdu and Singh, Inderdeep and Godfrey, P},
  journal={arXiv preprint arXiv:1811.00212},
  year={2018}
}

@inproceedings{kawano2018k,
  title={k-Optimized Path Routing for High-Throughput Data Center Networks},
  author={Kawano, Ryuta and Yasudo, Ryota and Matsutani, Hiroki and Amano, Hideharu},
  booktitle={2018 Sixth International Symposium on Computing and Networking (CANDAR)},
  pages={99--105},
  year={2018},
  organization={IEEE}
}

@inproceedings{li2018exascale,
  title={Exascale Interconnect Topology Characterization and Parameter Exploration},
  author={Li, Shang and Huang, Po-Chun and Jacob, Bruce},
  booktitle={HPCC/SmartCity/DSS},
  pages={810--819},
  year={2018},
  organization={IEEE}
}




Journals:

@inproceedings{mittal2018revisiting,
  title={Revisiting network support for RDMA},
    author={Mittal, Radhika and Shpiner, Alexander and Panda, Aurojit and Zahavi, Eitan and Krishnamurthy, Arvind and Ratnasamy, Sylvia and Shenker, Scott},
      booktitle={Proceedings of the 2018 Conference of the ACM Special Interest Group on Data Communication},
        pages={313--326},
          year={2018},
            organization={ACM}
}

@inproceedings{le2018rogue,
  title={RoGUE: RDMA over Generic Unconverged Ethernet},
    author={Le, Yanfang and Stephens, Brent and Singhvi, Arjun and Akella, Aditya and Swift, Michael M},
      booktitle={Proceedings of the ACM Symposium on Cloud Computing},
        pages={225--236},
          year={2018},
            organization={ACM}
}

@article{zhu2015congestion,
  title={Congestion control for large-scale RDMA deployments},
    author={Zhu, Yibo and Eran, Haggai and Firestone, Daniel and Guo, Chuanxiong and Lipshteyn, Marina and Liron, Yehonatan and Padhye, Jitendra and Raindel, Shachar and Yahia, Mohamad Haj and Zhang, Ming},
      journal={ACM SIGCOMM Computer Communication Review},
        volume={45},
          number={4},
            pages={523--536},
              year={2015},
                publisher={ACM}
}

@inproceedings{guo2016rdma,
  title={RDMA over commodity ethernet at scale},
    author={Guo, Chuanxiong and Wu, Haitao and Deng, Zhong and Soni, Gaurav and Ye, Jianxi and Padhye, Jitu and Lipshteyn, Marina},
      booktitle={Proceedings of the 2016 ACM SIGCOMM Conference},
        pages={202--215},
          year={2016},
            organization={ACM}
}








@inproceedings{isobe2014tcp,
  title={TCP acceleration technology for cloud computing: Algorithm, performance evaluation in real network},
    author={Isobe, Takashi and Tanida, Naoki and Oishi, Yuji and Yoshida, Kenichi},
      booktitle={2014 International Conference on Advanced Technologies for Communications (ATC 2014)},
        pages={714--719},
          year={2014},
            organization={IEEE}
}

@inproceedings{stephens2014practical,
  title={Practical DCB for improved data center networks},
    author={Stephens, Brent and Cox, Alan L and Singla, Ankit and Carter, John and Dixon, Colin and Felter, Wesley},
      booktitle={IEEE INFOCOM 2014-IEEE Conference on Computer Communications},
        pages={1824--1832},
          year={2014},
            organization={IEEE}
}

@article{azodolmolky2013cloud,
  title={Cloud computing networking: Challenges and opportunities for innovations.},
    author={Azodolmolky, Siamak and Wieder, Philipp and Yahyapour, Ramin},
      journal={IEEE Communications Magazine},
        volume={51},
          number={7},
            pages={54--62},
              year={2013}
}

@article{zhang2010cloud,
  title={Cloud computing: state-of-the-art and research challenges},
    author={Zhang, Qi and Cheng, Lu and Boutaba, Raouf},
      journal={Journal of internet services and applications},
        volume={1},
          number={1},
            pages={7--18},
              year={2010},
                publisher={Springer}
}

@inproceedings{valerio1994recursively,
  title={Recursively scalable fat-trees as interconnection networks},
    author={Valerio, Marcos and Moser, Louise E and Melliar-Smith, P},
      booktitle={Phoenix Conference on Computers and Communications},
        volume={13},
          pages={40--40},
            year={1994},
              organization={Citeseer}
}

@article{valiant1982scheme,
  title={A scheme for fast parallel communication},
    author={Valiant, Leslie G.},
      journal={SIAM journal on computing},
        volume={11},
          number={2},
            pages={350--361},
              year={1982},
                publisher={SIAM}
}

@inproceedings{kathareios2015cost,
  title={Cost-effective diameter-two topologies: Analysis and evaluation},
    author={Kathareios, Georgios and Minkenberg, Cyriel and Prisacari, Bogdan and Rodriguez, German and Hoefler, Torsten},
      booktitle={ACM/IEEE Supercomputing},
        pages={36},
          year={2015},
            organization={ACM}
}





@article{sinha2004burstiness,
  title={Harnessing TCP'sBurstiness with Flowlet Switching},
   booktitle={3rd ACM SIGCOMM Workshop On Hot Topics in Networks},
    author={Sinha, S and Kandula, S and Katabi, D},
      journal={San Diego, November},
        volume={83},
          year={2004}
}

@article{kandula2007dynamic,
  title={Dynamic load balancing without packet reordering},
    author={Kandula, Srikanth and Katabi, Dina and Sinha, Shantanu and Berger, Arthur},
      journal={ACM SIGCOMM Computer Communication Review},
        volume={37},
          number={2},
            pages={51--62},
              year={2007},
                publisher={ACM}
}

@inproceedings{Yuan:2013:NRS:2503210.2503229,
 author = {Yuan, Xin and Mahapatra, Santosh and Nienaber, Wickus and Pakin, Scott and Lang, Michael},
  title = {{A New Routing Scheme for Jellyfish and Its Performance with HPC Workloads}},
   booktitle = {Proceedings of 2013 ACM/IEEE Supercomputing},
    series = {SC '13},
     year = {2013},
      isbn = {978-1-4503-2378-9},
       @location = {Denver, Colorado},
        pages = {36:1--36:11},
         articleno = {36},
          numpages = {11},
           @url = {http://doi.acm.org/10.1145/2503210.2503229},
            @doi = {10.1145/2503210.2503229},
             @acmid = {2503229},
              @publisher = {ACM},
               @address = {New York, NY, USA},
                @keywords = {HPC workload, fat-tree, interconnects, jellyfish, performance},
}

@article{dongarra1997top500,
  title={TOP500 supercomputer sites},
    author={Dongarra, Jack J and Meuer, Hans W and Strohmaier, Erich and others},
      journal={Supercomputer},
        volume={13},
          pages={89--111},
            year={1997},
              publisher={ASFRA BV}
}

@inproceedings{raiciu2010data,
  title={{Data center networking with multipath TCP}},
    author={Raiciu, Costin and Pluntke, Christopher and Barre, Sebastien and Greenhalgh, Adam and Wischik, Damon and Handley, Mark},
      booktitle={Proceedings of the 9th ACM SIGCOMM Workshop on Hot Topics in Networks},
        pages={10},
          year={2010},
            organization={ACM}
}

@inproceedings{hoefler2010loggopsim,
  title={{LogGOPSim: simulating large-scale applications in the LogGOPS model}},
    author={Hoefler, Torsten and Schneider, Timo and Lumsdaine, Andrew},
      booktitle={Proceedings of the 19th ACM International Symposium on High Performance Distributed Computing},
        pages={597--604},
          year={2010},
            organization={ACM}
}

@inproceedings{varga2008overview,
  title={{An overview of the OMNeT++ simulation environment}},
    author={Varga, Andr{\'a}s and Hornig, Rudolf},
      booktitle={Proceedings of the 1st international conference on Simulation tools and techniques for communications, networks and systems \& workshops},
        pages={60},
          year={2008},
            @organization={ICST (Institute for Computer Sciences, Social-Informatics and Telecommunications Engineering)}
}

@article{fu2016sunway,
  title={The Sunway TaihuLight supercomputer: system and applications},
    author={Fu, Haohuan and Liao, Junfeng and Yang, Jinzhe and Wang, Lanning and Song, Zhenya and Huang, Xiaomeng and Yang, Chao and Xue, Wei and Liu, Fangfang and Qiao, Fangli and others},
      journal={Science China Information Sciences},
        volume={59},
          number={7},
            pages={072001},
              year={2016},
                publisher={Springer}
}

@article{liao2014milkyway,
  title={MilkyWay-2 supercomputer: system and application},
    author={Liao, Xiangke and Xiao, Liquan and Yang, Canqun and Lu, Yutong},
      journal={Frontiers of Computer Science},
        volume={8},
          number={3},
            pages={345--356},
              year={2014},
                publisher={Springer}
}

@book{cormen2009introduction,
  title={Introduction to algorithms},
    author={Cormen, Thomas H and Leiserson, Charles E and Rivest, Ronald L and Stein, Clifford},
      year={2009},
        publisher={MIT press}
}

@inproceedings{prisacari2013bandwidth,
  title={Bandwidth-optimal all-to-all exchanges in fat tree networks},
    author={Prisacari, Bogdan and Rodriguez, German and Minkenberg, Cyriel and Hoefler, Torsten},
      booktitle={Proceedings of the 27th international ACM conference on International conference on supercomputing},
        pages={139--148},
          year={2013},
            organization={ACM}
}

@inproceedings{chen2016evaluation,
  title={An evaluation of network architectures for next generation supercomputers},
    author={Chen, Dong and Heidelberger, Philip and Stunkel, Craig and Sugawara, Yutaka and Minkenberg, Cyriel and Prisacari, Bogdan and Rodriguez, German},
      booktitle={2016 7th International Workshop on Performance Modeling, Benchmarking and Simulation of High Performance Computer Systems (PMBS)},
        pages={11--21},
          year={2016},
            organization={IEEE}
}

@inproceedings{prisacari2015performance,
  title={Performance optimization of load imbalanced workloads in large scale dragonfly systems},
    author={Prisacari, Bogdan and Rodriguez, German and Minkenberg, Cyriel and Garcia, Marina and Vallejo, Enrique and Beivide, Ramon},
      booktitle={2015 IEEE 16th International Conference on High Performance Switching and Routing (HPSR)},
        pages={1--6},
          year={2015},
            organization={IEEE}
}

@inproceedings{kathareios2015cost_,
  title={Cost-effective diameter-two topologies: Analysis and evaluation},
    author={Kathareios, Georgios and Minkenberg, Cyriel and Prisacari, Bogdan and Rodriguez, German and Hoefler, Torsten},
      booktitle={Proceedings of the International Conference for High Performance Computing, Networking, Storage and Analysis},
        pages={36},
          year={2015},
            organization={ACM}
}

@article{prisacari2014randomizing,
  title={Randomizing task placement and route selection do not randomize traffic (enough)},
    author={Prisacari, Bogdan and Rodriguez, German and Jokanovic, Ana and Minkenberg, Cyriel},
      journal={Design Automation for Embedded Systems},
        volume={18},
          number={3-4},
            pages={171--182},
              year={2014},
                publisher={Springer}
}

@inproceedings{prisacari2014efficient,
  title={Efficient task placement and routing of nearest neighbor exchanges in dragonfly networks},
    author={Prisacari, Bogdan and Rodriguez, German and Heidelberger, Philip and Chen, Dong and Minkenberg, Cyriel and Hoefler, Torsten},
      booktitle={Proceedings of the 23rd international symposium on High-performance parallel and distributed computing},
        pages={129--140},
          year={2014},
            organization={ACM}
}

@article{prisacari2013fast,
  title={Fast pattern-specific routing for fat tree networks},
    author={Prisacari, Bogdan and Rodriguez, German and Minkenberg, Cyriel and Hoefler, Torsten},
      journal={ACM Transactions on Architecture and Code Optimization (TACO)},
        volume={10},
          number={4},
            pages={36},
              year={2013},
                publisher={ACM}
}


@book{tutte1966connectivity,
  title={Connectivity in graphs},
    author={Tutte, William Thomas},
      volume={15},
        year={1966},
          publisher={University of Toronto Press}
}

@article{brandes2001faster,
  title={A faster algorithm for betweenness centrality},
    author={Brandes, Ulrik},
      journal={Journal of mathematical sociology},
        volume={25},
          number={2},
            pages={163--177},
              year={2001},
                publisher={Taylor \& Francis}
}

@article{kleinrock1967time,
  title={Time-shared systems: A theoretical treatment},
    author={Kleinrock, Leonard},
      journal={Journal of the ACM (JACM)},
        volume={14},
          number={2},
            pages={242--261},
              year={1967},
                publisher={ACM}
}

@misc{infiniband2014rocev2,
  title={RoCEv2},
    author={{Infiniband Trade Association and others}},
      year={2014}
}

@inproceedings{fompi-paper,
  author = {Gerstenberger, R. and Besta, M. and Hoefler, T.},
    title = {{Enabling Highly-scalable Remote Memory Access Programming with MPI-3 One Sided}},
      booktitle = {ACM/IEEE Supercomputing},
        @series = {SC '13},
          year = {2013},
            @isbn = {978-1-4503-2378-9},
              @location = {Denver, Colorado},
                @pages = {53:1--53:12},
                  @articleno = {53},
                    @numpages = {12},
                      @url = {http://doi.acm.org/10.1145/2503210.2503286},
                        @doi = {10.1145/2503210.2503286},
                          @acmid = {2503286},
                            @publisher = {ACM},
                              @address = {New York, NY, USA},
}

@INPROCEEDINGS{iwarp,
  author={Grant, R.E. and Rashti, M.J. and Afsahi, A. and Balaji, P.},
    booktitle={Par. Dist. Proc. Symp. (IPDPS), 2011 IEEE Intl.},
      title={{RDMA Capable iWARP over Datagrams}},
        year={2011},
          pages={628-639},
            keywords={Internet;local area networks;media streaming;memory protocols;Ethernet network;InfiniBand-like zero-copy;Internet wide area RDMA protocol;RDMA model;RDMA semantics;RDMA write-record;RDMA write-record method;Web-based application;data center;data gram-based semantics;data loss;high-speed connection-based RDMA networking technology;iWARP;media-streaming application;memory scalability;message latency;one-sided communication capability;packet loss;remote direct memory access;send/receive semantics;stock-market trading;Bandwidth;Hardware;IP networks;Protocols;Reliability;Semantics;Sockets},
              doi={10.1109/IPDPS.2011.66},
                @ISSN={1530-2075},
}

@article{aalto2007beyond,
  title={Beyond processor sharing},
    author={Aalto, Samuli and Ayesta, Urtzi and Borst, Sem and Misra, Vishal and N{\'u}{\~n}ez-Queija, Rudesindo},
      journal={ACM SIGMETRICS Performance Evaluation Review},
        volume={34},
          number={4},
            pages={36--43},
              year={2007},
                publisher={ACM}
}

@article{floyd1962algorithm,
  title={Algorithm 97: shortest path},
    author={Floyd, Robert W},
      journal={Communications of the ACM},
        volume={5},
          number={6},
            pages={345},
              year={1962},
                publisher={ACM}
}

@article{seidel1995all,
  title={On the all-pairs-shortest-path problem in unweighted undirected graphs},
    author={Seidel, Raimund},
      journal={Journal of computer and system sciences},
        volume={51},
          number={3},
            pages={400--403},
              year={1995},
                publisher={Elsevier}
}

@incollection{panigrahi2008gomory,
  title={Gomory--hu trees},
    author={Panigrahi, Debmalya},
      booktitle={Encyclopedia of algorithms},
        pages={1--99},
          year={2008},
            publisher={Springer}
}

@article{cherkassky1997implementing,
  title={On implementing the push—relabel method for the maximum flow problem},
    author={Cherkassky, Boris V and Goldberg, Andrew V},
      journal={Algorithmica},
        volume={19},
          number={4},
            pages={390--410},
              year={1997},
                publisher={Springer}
}


@article{ford1956maximal,
  title={Maximal flow through a network},
    author={Ford, Lester R and Fulkerson, Delbert R},
      journal={Canadian journal of Mathematics},
        volume={8},
          number={3},
            pages={399--404},
              year={1956}
}

@article{aggarwal2016performance,
  title={Performance Evaluation of Single path and Multipath regarding Bandwidth and Delay},
    author={Aggarwal, Shalini and Mittal, Pardeep},
      journal={Intl. J. Comp. App.},
        volume={145},
          number={9},
            year={2016},
              publisher={Foundation of Computer Science}
}

@article{suurballe1984quick,
  title={A quick method for finding shortest pairs of disjoint paths},
    author={Suurballe, John W and Tarjan, Robert Endre},
      journal={Networks},
        volume={14},
          number={2},
            pages={325--336},
              year={1984},
                publisher={Wiley Online Library}
}

@article{huang2009performance,
  title={Performance study of node-disjoint multipath routing in vehicular ad hoc networks},
    author={Huang, Xiaoxia and Fang, Yuguang},
      journal={IEEE Transactions on Vehicular Technology},
        @volume={58},
          @number={4},
            @pages={1942--1950},
              year={2009},
                @publisher={IEEE}
}

@inproceedings{li2013openflow,
  title={OpenFlow based load balancing for Fat-Tree networks with multipath support},
    author={Li, Yu and Pan, Deng},
      booktitle={Proc. 12th IEEE International Conference on Communications (ICC’13), Budapest, Hungary},
        pages={1--5},
          year={2013}
}

@inproceedings{bredel2014flow,
  title={Flow-based load balancing in multipathed layer-2 networks using OpenFlow and multipath-TCP},
    author={Bredel, Michael and Bozakov, Zdravko and Barczyk, Artur and Newman, Harvey},
      booktitle={Hot topics in software defined networking},
        pages={213--214},
          year={2014},
            organization={ACM}
}

@inproceedings{van2011revisiting,
  title={Revisiting next-hop selection in multipath networks},
    author={Van der Linden, Simon and Detal, Gregory and Bonaventure, Olivier},
      booktitle={ACM SIGCOMM CCR},
        volume={41},
          number={4},
            @pages={420--421},
              year={2011},
                @organization={ACM}
}

@inproceedings{benet2018mp,
  title={MP-HULA: Multipath Transport Aware Load Balancing Using Programmable Data Planes},
    author={Benet, Cristian Hernandez and Kassler, Andreas J and Benson, Theophilus and Pongracz, Gergely},
      booktitle={Proceedings of the 2018 Morning Workshop on In-Network Computing},
        pages={7--13},
          year={2018},
            organization={ACM}
}

@article{caesar2010dynamic,
  title={Dynamic route recomputation considered harmful},
    author={Caesar, Matthew and Casado, Martin and Koponen, Teemu and Rexford, Jennifer and Shenker, Scott},
      journal={ACM SIGCOMM Computer Communication Review},
        volume={40},
          number={2},
            pages={66--71},
              year={2010},
                publisher={ACM}
}

@inproceedings{suchara2011network,
  title={Network architecture for joint failure recovery and traffic engineering},
    author={Suchara, Martin and Xu, Dahai and Doverspike, Robert and Johnson, David and Rexford, Jennifer},
      booktitle={ACM SIGMETRICS},
        @pages={97--108},
          year={2011},
            @organization={ACM}
}





@inproceedings{alasmar2018polyraptor,
  title={Polyraptor: embracing path and data redundancy in data centres for efficient data transport},
    author={Alasmar, Mohammed and Parisis, George and Crowcroft, Jon},
      booktitle={Proceedings of the ACM SIGCOMM 2018 Conference on Posters and Demos},
        pages={69--71},
          year={2018},
            organization={ACM}
}

@incollection{hoffman2003moore,
  title={On Moore graphs with diameters 2 and 3},
    author={Hoffman, Alan J and Singleton, Robert R},
      booktitle={Selected Papers Of Alan J Hoffman: With Commentary},
        pages={377--384},
          year={2003},
            publisher={World Scientific}
}

@article{montazeri2018homa,
  title={Homa: A Receiver-Driven Low-Latency Transport Protocol Using Network Priorities},
    author={Montazeri, Behnam and Li, Yilong and Alizadeh, Mohammad and Ousterhout, John},
      journal={arXiv preprint arXiv:1803.09615},
        year={2018}
}

@inproceedings{curtis2011mahout,
  title={Mahout: Low-overhead datacenter traffic management using end-host-based elephant detection},
    author={Curtis, Andrew R and Kim, Wonho and Yalagandula, Praveen},
      booktitle={INFOCOM, 2011 Proceedings IEEE},
        pages={1629--1637},
          year={2011},
            organization={IEEE}
}

@inproceedings{rasley2014planck,
  title={Planck: Millisecond-scale monitoring and control for commodity networks},
    author={Rasley, Jeff and Stephens, Brent and Dixon, Colin and Rozner, Eric and Felter, Wes and Agarwal, Kanak and Carter, John and Fonseca, Rodrigo},
      booktitle={ACM SIGCOMM Computer Communication Review},
        volume={44},
          number={4},
            pages={407--418},
              year={2014},
                organization={ACM}
}

@article{dijkstra1959note,
  title={A note on two problems in connexion with graphs},
    author={Dijkstra, Edsger W},
      journal={Numerische mathematik},
        volume={1},
          number={1},
            pages={269--271},
              year={1959},
                publisher={Springer}
}

@article{vamanan2012deadline,
  title={{Deadline-aware datacenter TCP (D2TCP)}},
    author={Vamanan, Balajee and Hasan, Jahangir and Vijaykumar, TN},
      journal={ACM SIGCOMM Computer Communication Review},
        volume={42},
          number={4},
            pages={115--126},
              year={2012},
                publisher={ACM}
}

@article{lu2016sed,
  title={SED: An SDN-based explicit-deadline-aware TCP for cloud Data Center Networks},
    author={Lu, Yifei},
      journal={Tsinghua Science and Technology},
        volume={21},
          number={5},
            pages={491--499},
              year={2016},
                publisher={TUP}
}

@article{hwang2014deadline,
  title={Deadline and Incast Aware TCP for cloud data center networks},
    author={Hwang, Jaehyun and Yoo, Joon and Choi, Nakjung},
      journal={Computer Networks},
        volume={68},
          pages={20--34},
            year={2014},
              publisher={Elsevier}
}

@inproceedings{jiang2008explicit,
  title={An explicit rate control framework for lossless ethernet operation},
    author={Jiang, Jinjing and Jain, Raj and So-In, Chakchai},
      booktitle={Communications, 2008. ICC'08. IEEE International Conference on},
        pages={5914--5918},
          year={2008},
            organization={IEEE}
}

@misc{banavalikar2016credit,
  title={{Credit-based flow control in lossless Ethernet networks}},
    author={Banavalikar, Bhalachandra G and DeCusatis, Casimer M and Gusat, Mircea and Kamble, Keshav G and Recio, Renato J},
      year={2016},
        month=jan # "~12",
          publisher={Google Patents},
            note={US Patent 9,237,111}
}

@inproceedings{benson2011microte,
  title={MicroTE: Fine grained traffic engineering for data centers},
    author={Benson, Theophilus and Anand, Ashok and Akella, Aditya and Zhang, Ming},
      booktitle={Proceedings of the Seventh COnference on emerging Networking EXperiments and Technologies},
        pages={8},
          year={2011},
            organization={ACM}
}

@article{perry2015fastpass,
  title={Fastpass: A centralized zero-queue datacenter network},
    author={Perry, Jonathan and Ousterhout, Amy and Balakrishnan, Hari and Shah, Devavrat and Fugal, Hans},
      journal={ACM SIGCOMM Computer Communication Review},
        volume={44},
          number={4},
            pages={307--318},
              year={2015},
                publisher={ACM}
}

@inproceedings{sharma2004viking,
  title={Viking: A multi-spanning-tree Ethernet architecture for metropolitan area and cluster networks},
    author={Sharma, Srikant and Gopalan, Kartik and Nanda, Susanta and Chiueh, Tzi-cker},
      booktitle={IEEE INFOCOM},
        @volume={4},
          @pages={2283--2294},
            year={2004},
              @organization={IEEE}
}

@inproceedings{garcia2003lsom,
  title={LSOM: A link state protocol over mac addresses for metropolitan backbones using optical ethernet switches},
    @author={Garcia, Roman and Duato, Jose and Silla, Federico},
    author={Garcia, Roman and others},
      booktitle={IEEE NCA},
        @pages={315--321},
          year={2003},
            @organization={IEEE}
}

@article{lui2002star,
  title={STAR: a transparent spanning tree bridge protocol with alternate routing},
    author={Lui, King-Shan and Lee, Whay Chiou and Nahrstedt, Klara},
      journal={ACM SIGCOMM CCR},
        volume={32},
          number={3},
            pages={33--46},
              year={2002},
                @publisher={ACM}
}

@inproceedings{al2008scalable,
  title={A scalable, commodity data center network architecture},
    author={Al-Fares, Mohammad and Loukissas, Alexander and Vahdat, Amin},
      booktitle={ACM SIGCOMM Computer Communication Review},
        volume={38},
          number={4},
            pages={63--74},
              year={2008},
                organization={ACM}
}

@article{villamizar1999ospf,
  title={{OSPF optimized multipath (OSPF-OMP)}},
    author={Villamizar, Curtis},
      year={1999}
}

@inproceedings{gojmerac2003adaptive,
  title={Adaptive multipath routing based on local distribution of link load information},
    author={Gojmerac, Ivan and Ziegler, Thomas and Reichl, Peter},
      booktitle={Springer QofIS},
        @pages={122--131},
          year={2003},
            @organization={Springer}
}

@inproceedings{jyothi2015towards,
  title={Towards a flexible data center fabric with source routing},
    author={Jyothi, Sangeetha Abdu and Dong, Mo and Godfrey, P},
      booktitle={ACM SOSR},
        @pages={10},
          year={2015},
            @organization={ACM}
}

@inproceedings{guo2008dcell,
  title={Dcell: a scalable and fault-tolerant network structure for data centers},
    author={Guo, Chuanxiong and Wu, Haitao and Tan, Kun and Shi, Lei and Zhang, Yongguang and Lu, Songwu},
      booktitle={ACM SIGCOMM Computer Communication Review},
        volume={38},
          number={4},
            pages={75--86},
              year={2008},
                organization={ACM}
}

@article{guo2009bcube,
  title={BCube: a high performance, server-centric network architecture for modular data centers},
    author={Guo, Chuanxiong and Lu, Guohan and Li, Dan and Wu, Haitao and Zhang, Xuan and Shi, Yunfeng and Tian, Chen and Zhang, Yongguang and Lu, Songwu},
      journal={ACM SIGCOMM CCR},
        volume={39},
          number={4},
            pages={63--74},
              year={2009},
                publisher={ACM}
}


@article{narvaez1999efficient,
  title={Efficient algorithms for multi-path link-state routing},
    author={Narvaez, Paolo and Siu, K-Y and Tzeng, H-Y},
      year={1999},
        publisher={Citeseer}
}

@inproceedings{greenberg2008towards,
  title={Towards a next generation data center architecture: scalability and commoditization},
    author={Greenberg, Albert and Lahiri, Parantap and Maltz, David A and Patel, Parveen and Sengupta, Sudipta},
      booktitle={ACM PRESTO},
        @pages={57--62},
          year={2008},
            @organization={ACM}
}

@inproceedings{cao2013per,
  title={Per-packet load-balanced, low-latency routing for clos-based data center networks},
    author={Cao, Jiaxin and Xia, Rui and Yang, Pengkun and Guo, Chuanxiong and Lu, Guohan and Yuan, Lihua and Zheng, Yixin and Wu, Haitao and Xiong, Yongqiang and Maltz, Dave},
      booktitle={ACM CoNEXT},
        pages={49--60},
          year={2013},
            @organization={ACM}
}

@techreport{rekhter2005border,
  title={A border gateway protocol 4 (BGP-4)},
    author={Rekhter, Yakov and Li, Tony and Hares, Susan},
      year={2005}
}

@techreport{malkin1994rip,
  title={RIP version 2-carrying additional information},
    author={Malkin, Gary},
      year={1994}
}

@techreport{oran1990osi,
  title={OSI IS-IS intra-domain routing protocol},
    author={Oran, David},
      year={1990}
}

@article{hoory2006expander,
  title={Expander graphs and their applications},
    author={Hoory, Shlomo and Linial, Nathan and Wigderson, Avi},
      journal={Bulletin of the American Mathematical Society},
        volume={43},
          number={4},
            pages={439--561},
              year={2006}
}

@article{rodeheffer2000smartbridge,
  title={SmartBridge: A scalable bridge architecture},
    author={Rodeheffer, Thomas L and Thekkath, Chandramohan A and Anderson, Darrell C},
      journal={ACM SIGCOMM CCR},
        volume={30},
          number={4},
            pages={205--216},
              year={2000},
                publisher={ACM}
}

@inproceedings{de2006improving,
  title={Improving load balance and resilience of ethernet carrier networks with ieee 802.1 s multiple spanning tree protocol},
    author={De Sousa, Amaro F},
      booktitle={IEEE ICN/ICONS/MCL},
        @pages={95--95},
          year={2006},
            @organization={IEEE}
}

@techreport{moy1997ospf,
  title={OSPF version 2},
    author={Moy, John},
      year={1997}
}

@inproceedings{perlman1985algorithm,
  title={An algorithm for distributed computation of a spanningtree in an extended lan},
    author={Perlman, Radia},
      booktitle={ACM SIGCOMM CCR},
        volume={15},
          number={4},
            pages={44--53},
              year={1985},
                organization={ACM}
}

@inproceedings{scott2009addressing,
  title={Addressing the Scalability of Ethernet with MOOSE},
    author={Scott, Malcolm and Moore, Andrew and Crowcroft, Jon},
      booktitle={Proc. DC CAVES Workshop},
        year={2009}
}

@techreport{touch2009transparent,
  title={{Transparent interconnection of lots of links (TRILL): Problem and applicability statement}},
    author={Touch, Joe and Perlman, Radia},
      year={2009}
}

@article{allan2010shortest,
  title={Shortest path bridging: Efficient control of larger ethernet networks},
    author={Allan, David and Ashwood-Smith, Peter and Bragg, Nigel and Farkas, J{\'a}nos and Fedyk, Don and Ouellete, Michel and Seaman, Mick and Unbehagen, Paul},
      journal={IEEE Communications Magazine},
        volume={48},
          number={10},
            year={2010},
              publisher={IEEE}
}

@misc{subramanian2014multi,
  title={Multi-chassis link aggregation on network devices},
    author={Subramanian, Krishnamurthy},
      year={2014},
        month=jun # "~24",
          publisher={Google Patents},
            note={US Patent 8,761,005}
}

@techreport{lasserre2007virtual,
  title={Virtual private LAN service (VPLS) using label distribution protocol (LDP) signaling},
    author={Lasserre, Marc and Kompella, Vach},
      year={2007}
}

@techreport{kompella2007virtual,
  title={Virtual private LAN service (VPLS) using BGP for auto-discovery and signaling},
    author={Kompella, Kireeti and Rekhter, Yakov},
      year={2007}
}

@inproceedings{ghorbani2017drill,
  title={DRILL: Micro load balancing for low-latency data center networks},
    author={Ghorbani, Soudeh and Yang, Zibin and Godfrey, P and Ganjali, Yashar and Firoozshahian, Amin},
      booktitle={ACM SIGCOMM},
        @pages={225--238},
          year={2017},
            @organization={ACM}
}

@inproceedings{dixit2013impact,
  title={On the impact of packet spraying in data center networks},
    author={Dixit, Advait and Prakash, Pawan and Hu, Y Charlie and Kompella, Ramana Rao},
      booktitle={INFOCOM, 2013 Proceedings IEEE},
        pages={2130--2138},
          year={2013},
            organization={IEEE}
}

@inproceedings{perlman2004rbridges,
  title={Rbridges: transparent routing},
    author={Perlman, Radia},
      booktitle={IEEE INFOCOM},
        @volume={2},
          @pages={1211--1218},
            year={2004},
              @organization={IEEE}
}

@inproceedings{sampath2010ethernet,
  title={'Ethernet on AIR': Scalable Routing in very Large Ethernet-Based Networks},
    author={Sampath, Dhananjay and Agarwal, Suchit and Garcia-Luna-Aceves, JJ},
      booktitle={IEEE ICDCS},
        @pages={1--9},
          year={2010},
            @organization={IEEE}
}

@inproceedings{jain2011viro,
  title={Viro: A scalable, robust and namespace independent virtual id routing for future networks},
    @author={Jain, Sourabh and Chen, Yingying and Zhang, Zhi-Li},
    author={Jain, Sourabh and others},
      booktitle={IEEE INFOCOM},
        @pages={2381--2389},
          year={2011},
            @organization={Citeseer}
}


@article{iwata2004global,
  title={Global open Ethernet (GOE) system and its performance evaluation},
    author={Iwata, Atsushi and Hidaka, Yoichi and Umayabashi, Masaki and Enomoto, Nobuyuki and Arutaki, Akira},
      journal={IEEE Journal on Selected Areas in Communications},
        volume={22},
          number={8},
            pages={1432--1442},
              year={2004},
                publisher={IEEE}
}

@string{ ACHA            = "Appl. Comput. Harm. Anal."}
@string{ ANNM            = "Ann. of Math."}
@string{ ANNMS           = "Ann. of Math. Statist."}
@string{ ANNP            = "Ann. Probab."}
@string{ BSTJ            = "Bell Syst. Tech. J."}
@string{ CACM            = "Comm. ACM"}
@string{ CCR             = "Comp. Comm. Rev."}
@string{ Computer        = "Computer"}
@string{ IEEE-Proc       = "Proc. IEEE"}
@string{ IRE-Proc        = "Proc. IRE"}
@string{ IEEE-Network    = "IEEE Network"}
@string{ IEEE-JSAC       = "IEEE J. Sel. Areas Comm."}
@string{ IEEE-SP-Let     = "IEEE Sig. Proc. Let."}
@string{ IEEE-SP-Mag     = "IEEE Sig. Proc. Mag."}
@string{ IEEE-Trans-AC   = "IEEE Trans. Automat. Control"}
@string{ IEEE-Trans-ASSP = "IEEE Trans. Acoust. Speech Signal Proc."} 
@string{ IEEE-Trans-CE   = "IEEE Trans. Consum. Electron."}
@string{ IEEE-Trans-CS   = "IEEE Trans. Circuits Syst."}
@string{ IEEE-Trans-CS2  = "IEEE Trans. Circuits Syst.--II: Anal. Dig. Sig. Proc."}
@string{ IEEE-Trans-CSVT = "IEEE Trans. Circuits Syst. Video Technol."}
@string{ IEEE-Trans-Comm = "IEEE Trans. Comm."}
@string{ IEEE-Trans-CommSys = "IEEE Trans. Commun. Syst."}
@string{ IEEE-Trans-Comp = "IEEE Trans. Comp."}
@string{ IEEE-Trans-IM   = "IEEE Trans. Intrum. Meas."}
@string{ IEEE-Trans-IP   = "IEEE Trans. Image Proc."}
@string{ IEEE-Trans-IT   = "IEEE Trans. Inform. Th."}
@string{ IRE-Trans-IT    = "IRE Trans. Inform. Th."}
@string{ IEEE-Trans-Mm   = "IEEE Trans. Multimedia"}
@string{ IEEE-ACM-Network = "IEEE/ACM Trans. Networking"}
@string{ IEEE-ITSoc-News = "IEEE Inform. Th. Soc. Newsletter"}
@string{ IEEE-Trans-PAMI = "IEEE Trans. Pattern Anal. and Mach. Int."}
@string{ IEEE-Trans-SAP  = "IEEE Trans. Speech Audio Proc."}
@string{ IEEE-Trans-SP   = "IEEE Trans. Signal Proc."}
@string{ IEEE-Trans-SMC  = "IEEE Trans. on Syst. Man and Cybernetics"}
@string{ IEEE-Trans-SMC3 = "IEEE Trans. on Syst. Man and
                            Cybernetics--Pt.\ C: Appl. \& Rev."}
@string{ JASA            = "J. Amer. Stat. Assoc."}
@string{ JFAA            = "J. Fourier Anal. Appl."}
@string{ PAMS            = "Proc. Amer. Math. Soc."}
@string{ PPI             = "Probl. Peredach. Inform."}
@string{ SP              = "Signal Proc."}
@string{ TAMS            = "Trans. Amer. Math. Soc."}
@string{ TPA             = "Theory Probab. Appl."}

Conferences:

@string{ asilomar   = "Conf. Rec. Asilomar Conf. on Sig., Sys. \& Computers"}
@string{ asilomar-loc = "Pacific Grove, CA"}
@string{ acc        = "Proc. IEEE Amer. Contr. Conf."}
@string{ cdc        = "Proc. IEEE Conf. Dec. \& Contr."}
@string{ ciss            = "Proc. Conf. on Inform. Sci. \& Sys."}
@string{ dcc             = "Proc. IEEE Data Compression Conf."}
@string{ dcc-eds         = ""}
@string{ dcc-pub         = ""}
@string{ dcc-loc         = "Snowbird, Utah"}
@string{ icaos96         = "Proc. 12th Int. Conf. Anal. \& Opt. of Sys.: Images, Wavelets \& PDE's"}
@string{ icassp     = "Proc. IEEE Int. Conf. Acoust., Speech, and Signal Proc."}
@string{ icc        = "Proc. IEEE Int. Conf. Comm."}
@string{ icip       = "Proc. IEEE Int. Conf. Image Proc."}
@string{ isit       = "Proc. IEEE Int. Symp. Inform. Th."}
@string{ ist-spie        = "Proc. IS~\&~T/SPIE"}
@string{ nossdav98       = "Proc. 8th Int. Workshop Netw. Operating Syst. Supp.
                            for Dig. Aud. Vid. (NOSSDAV)"}
@string{ nossdav99       = "Proc. 9th Int. Workshop Netw. Operating Syst. Supp.
                            for Dig. Aud. Vid. (NOSSDAV)"}
@string{ vcip            = "Proc. SPIE Conf. on Vis. Commun. and Image Proc."}
@string{ wavx            = "Proc. Wavelets: Appl. in Sig. \& Image Proc. X,
                            part of SPIE Int. Symp. on Optical Sci. \& Tech."}

         { dcc-eds         = "J. A. Storer and M. Cohn"}
         { dcc-pub         = "IEEE Comp. Soc. Press"}

Other:

@STRING{ kluwer          = "Kluwer Acad. Pub."}
@STRING{ icsi            = "Int. Comp. Sci. Instit."}

@preamble{ "\newcommand{\SortNoop}[1]{} " }

------------------------------------------------------------------------
 
@ARTICLE{Article,
        AUTHOR =        {},
        TITLE =         {},
        JOURNAL =       {},
        Volume =        {},
        Number =        {},
        Pages =         {},
        Month =         {},
        YEAR =          {},
        Note =          {},
        summary =       {}
        }
@BOOK{Book,
        AUTHOR =        {},
        editor =        {},
        TITLE =         {},
        PUBLISHER =     {},
        YEAR =          {},
        Volume =        {},
        number =        {},
        Series =        {},
        Address =       {},
        Edition =       {},
        Month =         {},
        Note =          {},
        summary =       {}
        }
@BOOKLET{Booklet,
        TITLE =         {},
        Author =        {},
        Howpublished =  {},
        Address =       {},
        Month =         {},
        Year =          {},
        Note =          {},
        summary =       {}
        }
@INBOOK{Inbook,
        AUTHOR =        {},
        editor =        {},
        TITLE =         {},
        CHAPTER =       {},
        pages =         {},
        PUBLISHER =     {},
        YEAR =          {},
        Volume =        {},
        number =        {},
        Series =        {},
        Type =          {},
        Address =       {},
        Edition =       {},
        Month =         {},
        Note =          {},
        summary =       {}
        }
@INCOLLECTION{Incollection,
        AUTHOR =        {},
        TITLE =         {},
        BOOKTITLE =     {},
        PUBLISHER =     {},
        YEAR =          {},
        Editor =        {},
        Volume =        {},
        number =        {},
        Series =        {},
        Type =          {},
        Chapter =       {},
        Pages =         {},
        Address =       {},
        Edition =       {},
        Month =         {},
        Note =          {},
        summary =       {}
        }
@INPROCEEDINGS{Inproceedings,
        AUTHOR =        {},
        TITLE =         {},
        BOOKTITLE =     {},
        YEAR =          {},
        Editor =        {},
        Volume =        {},
        number =        {},
        Series =        {},
        Pages =         {},
        Address =       {},
        Month =         {},
        Organization =  {},
        Publisher =     {},
        Note =          {},
        summary =       {}
        }
@MANUAL{Manual,
        TITLE =         {},
        Author =        {},
        Organization =  {},
        Address =       {},
        Edition =       {},
        Month =         {},
        Year =          {},
        Note =          {},
        summary =       {}
        }
@MASTERSTHESIS{Mastersthesis,
        AUTHOR =        {},
        TITLE =         {},
        SCHOOL =        {},
        YEAR =          {},
        Type =          {},
        Address =       {},
        Month =         {},
        Note =          {},
        summary =       {}
        }
@MISC{Misc,
        Author =        {},
        Title =         {},
        Howpublished =  {},
        Month =         {},
        Year =          {},
        Note =          {},
        summary =       {}
        }
@PHDTHESIS{Phdthesis,
        AUTHOR =        {},
        TITLE =         {},
        SCHOOL =        {},
        YEAR =          {},
        Type =          {},
        Address =       {},
        Month =         {},
        Note =          {},
        summary =       {}
        }
@PROCEEDINGS{Proceedings,
        TITLE =         {},
        YEAR =          {},
        Editor =        {},
        Volume =        {},
        number =        {},
        Series =        {},
        Address =       {},
        Month =         {},
        Organization =  {},
        Publisher =     {},
        Note =          {},
        summary =       {}
        }
@TECHREPORT{Techreport,
        AUTHOR =        {},
        TITLE =         {},
        INSTITUTION =   {},
        YEAR =          {},
        Type =          {},
        Number =        {},
        Address =       {},
        Month =         {},
        Note =          {},
        summary =       {}
        }
@UNPUBLISHED{Unpublished,
        AUTHOR =        {},
        TITLE =         {},
        NOTE =          {},
        Month =         {},
        Year =          {},
        summary =       {}
        }

------------------------------------------------------------------------

@inproceedings{ahn2009hyperx,
  title={{HyperX: topology, routing, and packaging of efficient large-scale networks}},
    author={Ahn, Jung Ho and Binkert, Nathan and Davis, Al and McLaren, Moray and Schreiber, Robert S},
      booktitle={ACM/IEEE Supercomputing},
        pages={41},
          year={2009},
            @organization={ACM}
}

@ARTICLE{2013arXiv1301.4177T,
   author = {{Tomic}, R.~V.},
       title = {{Network Throughput Optimization via Error Correcting Codes}},
         journal = {ArXiv e-prints},
         archivePrefix = "arXiv",
            eprint = {1301.4177},
             primaryClass = "cs.IT",
              keywords = {Computer Science - Information Theory, Computer Science - Discrete Mathematics, Computer Science - Networking and Internet Architecture, 94C10},
                   year = 2013,
                       month = jan,
                          adsurl = {http://adsabs.harvard.edu/abs/2013arXiv1301.4177T},
                            adsnote = {Provided by the SAO/NASA Astrophysics Data System}
}


@inproceedings{crisan2011short,
  title={{Short and fat: TCP performance in CEE datacenter networks}},
    author={Crisan, Daniel and Anghel, Andreea S and Birke, Robert and Minkenberg, Cyriel and Gusat, Mitch},
      booktitle={High Performance Interconnects (HOTI), 2011 IEEE 19th Annual Symposium on},
        pages={43--50},
          year={2011},
            organization={IEEE}
}



@article{hu2016explicit,
  title={Explicit path control in commodity data centers: Design and applications},
  author={Hu, Shuihai and Chen, Kai and Wu, Haitao and Bai, Wei and Lan, Chang and Wang, Hao and Zhao, Hongze and Guo, Chuanxiong},
  journal={IEEE/ACM Transactions on Networking},
  volume={24},
  number={5},
  pages={2768--2781},
  year={2016},
  publisher={IEEE}
}

@misc{pleiades,
  author = {Ruediger Wolf},
    title = {{Nasa Pleiades Infiniband Communications Network}},
      year = {2009},
        note = {Intl. ACM Symposium on High Performance Distributed Computing},
}

@inproceedings{varga2001omnet++,
  title={{The OMNeT++ discrete event simulation system}},
    author={Varga, Andr{\'a}s and others},
      booktitle={Proceedings of the European simulation multiconference (ESM’2001)},
        volume={9},
          number={S 185},
            pages={65},
              year={2001},
                organization={sn}
}

@article{mckeown2008openflow,
  title={{OpenFlow: enabling innovation in campus networks}},
    author={McKeown, Nick and Anderson, Tom and Balakrishnan, Hari and Parulkar, Guru and Peterson, Larry and Rexford, Jennifer and Shenker, Scott and Turner, Jonathan},
      journal={ACM SIGCOMM Computer Communication Review},
        volume={38},
          number={2},
            pages={69--74},
              year={2008},
                publisher={ACM}
}

@book{bondy1976graph,
  title={Graph theory with applications},
    author={Bondy, John Adrian and Murty, Uppaluri Siva Ramachandra},
      volume={290},
        year={1976},
          publisher={Macmillan London}
}

@techreport{inet,
  title={{INET Framework for OMNeT++}},
  author={Varga, Andr{\'a}s and Hornig, Rudolf},
  year={2012}
}

@inproceedings{zhou2014wcmp,
  title={{WCMP: weighted cost multipathing for improved fairness in data centers}},
    author={Zhou, Junlan and Tewari, Malveeka and Zhu, Min and Kabbani, Abdul and Poutievski, Leon and Singh, Arjun and Vahdat, Amin},
      booktitle={ACM EuroSys},
        @pages={5},
          year={2014},
            @organization={ACM}
}

@article{jasim2015modified,
  title={Modified ECMP Routing Using Adapted Cost Disjoint Multiple Paths ACDMP},
    author={Jasim, Abbas A},
      journal={Iraqi Journal for Electrical And Electronic Engineering},
        volume={11},
          number={2},
            pages={202--207},
              year={2015},
                publisher={Basrah University}
}

@inproceedings{vanaubel2015mpls,
  title={MPLS under the microscope: Revealing actual transit path diversity},
    author={Vanaubel, Yves and M{\'e}rindol, Pascal and Pansiot, Jean-Jacques and Donnet, Benoit},
      booktitle={Proceedings of the 2015 Internet Measurement Conference},
        pages={49--62},
          year={2015},
            organization={ACM}
}

@article{tam2011trimming,
  title={Trimming the Multipath for Efficient Dynamic Routing},
    author={Tam, Adrian Sai-wah and Xi, Kang and Chao, H Jonathan},
      journal={arXiv preprint arXiv:1109.0792},
        year={2011}
}

@inproceedings{shen2004multipath,
  title={On multipath routing using widest pair of disjoint paths},
    author={Shen, Bao Hong and Hao, Bin and Sen, Arunabha},
      booktitle={High Performance Switching and Routing, 2004. HPSR. 2004 Workshop on},
        pages={134--140},
          year={2004},
            organization={IEEE}
}

@article{chiesatraffic,
  title={Traffic Engineering with ECMP: An Algorithmic Perspective},
    author={Chiesa, Marco and Kindler, Guy and Schapira, Michael},
      publisher={Citeseer}
}

@inproceedings{xi2011enabling,
  title={Enabling flow-based routing control in data center networks using probe and ECMP},
    author={Xi, Kang and Liu, Yulei and Chao, H Jonathan},
      booktitle={Computer Communications Workshops (INFOCOM WKSHPS), 2011 IEEE Conference on},
        pages={608--613},
          year={2011},
            organization={Citeseer}
}

@inproceedings{nelakuditi2001selection,
  title={On selection of paths for multipath routing},
    author={Nelakuditi, Srihari and Zhang, Zhi-Li},
      booktitle={International Workshop on Quality of Service},
        pages={170--184},
          year={2001},
            organization={Springer}
}

@article{rfc6356,
  title={{RFC 6356, Coupled Congestion Control for Multipath Transport Protocols}},
    author={Raiciu, C and Handley, M and Wischik, D},
      year={2011},
        publisher={Internet Engineering Task Force}
}

@article{rfc3168,
  title={{RFC 3168, The addition of Explicit Congestion Notification (ECN) to IP}},
    author={Ramakrishnan, K and Floyd, S and Black, D},
      @journal={The addition of Explicit Congestion Notification (ECN) to IP. The Internet Society},
        year={2001}
}

@article{rfc2581,
  title={{RFC 2581, TCP Congestion Control}},
  author={Allman, Mark and Paxson, Vern and Blanton, Ethan},
      @journal={TCP Congestion Control. The Internet Society},
        year={2009}
}

@article{rfc6824,
  title={{RFC 6824, TCP extensions for multipath operation with multiple addresses}},
  author={Ford, Alan and Raiciu, Costin and Handley, Mark and Bonaventure, Olivier},
        year={2013}
}

@article{kornblum2006identifying,
  title={{Identifying almost identical files using context triggered piecewise hashing}},
    author={Kornblum, Jesse},
      journal={Digital investigation},
        volume={3},
          pages={91--97},
            year={2006},
              publisher={Elsevier}
}


@inproceedings{Georganas:2012:CAO:2388996.2389132,
 author = {Georganas, Evangelos and Gonzalez-Dominguez, Jorge and Solomonik, Edgar and Zheng, Yili and Tourino, Juan and Yelick, Katherine},
  title = {{Communication Avoiding and Overlapping for Numerical Linear Algebra}},
   booktitle = {Proceedings of the International Conference on High Performance Computing, Networking, Storage and Analysis},
    series = {SC '12},
     year = {2012},
      isbn = {978-1-4673-0804-5},
       location = {Salt Lake City, Utah},
        pages = {100:1--100:11},
         articleno = {100},
          numpages = {11},
           url = {http://dl.acm.org/citation.cfm?id=2388996.2389132},
            acmid = {2389132},
             publisher = {IEEE Computer Society Press},
              address = {Los Alamitos, CA, USA},
} 

@article{lumsdaine2007challenges,
  title={{Challenges in parallel graph processing}},
    author={Lumsdaine, Andrew and Gregor, Douglas and Hendrickson, Bruce and Berry, Jonathan},
      journal={Parallel Processing Letters},
        volume={17},
          number={01},
            pages={5--20},
              year={2007},
                publisher={World Scientific}
}

@inproceedings{faanes2012cray,
  title={{Cray cascade: a scalable HPC system based on a Dragonfly network}},
    author={Faanes, Greg and Bataineh, Abdulla and Roweth, Duncan and Froese, Edwin and Alverson, Bob and Johnson, Tim and Kopnick, Joe and Higgins, Mike and Reinhard, James and others},
      booktitle={Proceedings of the International Conference on High Performance Computing, Networking, Storage and Analysis},
        pages={103},
          year={2012},
            organization={IEEE Computer Society Press}
}

@inproceedings{kim2008technology,
  author    = {John Kim and
               William J. Dally and
               Steve Scott and
               Dennis Abts},
  title     = {Technology-Driven, Highly-Scalable Dragonfly Topology},
  booktitle = {35th International Symposium on Computer Architecture ({ISCA})},
  pages     = {77--88},
  year      = {2008},
  @doi       = {10.1109/ISCA.2008.19},
  @timestamp = {Thu, 16 Oct 2014 17:35:17 +0200},
}
@inproceedings{jiang2009indirect,
  author    = {Nan Jiang and
               John Kim and
               William J. Dally},
  title     = {Indirect adaptive routing on large scale interconnection networks},
  booktitle = {36th International Symposium on Computer Architecture ({ISCA} 2009),
               June 20-24, 2009, Austin, TX, {USA}},
  pages     = {220--231},
  year      = {2009},
  doi       = {10.1145/1555754.1555783},
  timestamp = {Thu, 16 Oct 2014 17:35:15 +0200},
}


@techreport{pvst-cisco,
  title={{BLADE PVST+ Spanning Tree and Interoperability with Cisco}},
    author={{BLADE Network Technologies}},
      year={2006}
}

@inproceedings{scott2006blackwidow,
  title={{The blackwidow high-radix clos network}},
    author={Scott, Steve and Abts, Dennis and Kim, John and Dally, William J},
      booktitle={ACM SIGARCH Computer Architecture News},
        volume={34},
          number={2},
            pages={16--28},
              year={2006},
                organization={IEEE Computer Society}
}

@techreport{ramakrishnan2001addition,
  title={The addition of explicit congestion notification (ECN) to IP},
    author={Ramakrishnan, Kadangode and Floyd, Sally and Black, David},
      year={2001}
}

@article{floyd1994tcp,
  title={TCP and explicit congestion notification},
    author={Floyd, Sally},
      journal={ACM SIGCOMM Computer Communication Review},
        volume={24},
          number={5},
            pages={8--23},
              year={1994},
                publisher={ACM}
}

@inproceedings{stephens2012past,
  title={{PAST: Scalable Ethernet for data centers}},
    author={Stephens, Brent and Cox, Alan and Felter, Wes and Dixon, Colin and Carter, John},
      booktitle={ACM CoNEXT},
        @pages={49--60},
          year={2012},
            @organization={ACM}
}

@techreport{thaler2000multipath,
  title={{Multipath issues in unicast and multicast next-hop selection}},
    author={Thaler, Dave and Hopps, C},
      year={2000}
}

@misc{hopps2000analysis,
  title={{RFC 2992: Analysis of an Equal-Cost Multi-Path Algorithm}},
    author={Hopps, C},
      year={2000}
}

@inproceedings{prisacari2013bandwidth_,
  title={{Bandwidth-optimal all-to-all exchanges in fat tree networks}},
    author={Prisacari, Bogdan and Rodriguez, German and Minkenberg, Cyriel and Hoefler, Torsten},
      booktitle={Proceedings of the 27th international ACM conference on International conference on supercomputing},
        pages={139--148},
          year={2013},
            organization={ACM}
}

@inproceedings{yuan2013new,
  title={{A new routing scheme for Jellyfish and its performance with HPC workloads}},
    author={Yuan, Xin and Mahapatra, Santosh and Nienaber, Wickus and Pakin, Scott and Lang, Michael},
      booktitle={ACM/IEEE Supercomputing},
        pages={36},
          year={2013},
            @organization={ACM}
}

@inproceedings{van2012multipathing,
  title={{Multipathing with MPTCP and OpenFlow}},
    author={van der Pol, Ronald and Boele, Sander and Dijkstra, Freek and Barczyk, Artur and van Malenstein, Gerben and Chen, Jim Hao and Mambretti, Joe},
      booktitle={High Performance Computing, Networking, Storage and Analysis (SCC), 2012 SC Companion:},
        pages={1617--1624},
          year={2012},
            organization={IEEE}
}

@inproceedings{wischik2011design_,
  title={{Design, Implementation and Evaluation of Congestion Control for Multipath TCP.}},
    author={Wischik, Damon and Raiciu, Costin and Greenhalgh, Adam and Handley, Mark},
      booktitle={NSDI},
        volume={11},
          pages={8--8},
            year={2011}
}

@article{raiciu2011improving_,
  title={{Improving datacenter performance and robustness with multipath tcp}},
    author={Raiciu, Costin and Barre, Sebastien and Pluntke, Christopher and Greenhalgh, Adam and Wischik, Damon and Handley, Mark},
      journal={ACM SIGCOMM Computer Communication Review},
        volume={41},
          number={4},
            pages={266--277},
              year={2011},
                publisher={ACM}
}

@inproceedings{raiciu2012hard,
  title={{How hard can it be? designing and implementing a deployable multipath TCP}},
    author={Raiciu, Costin and Paasch, Christoph and Barre, Sebastien and Ford, Alan and Honda, Michio and Duchene, Fabien and Bonaventure, Olivier and Handley, Mark},
      booktitle={Proceedings of the 9th USENIX conference on Networked Systems Design and Implementation},
        pages={29--29},
          year={2012},
            organization={USENIX Association}
}

@incollection{barre2011multipath,
  title={{Multipath TCP: from theory to practice}},
    author={Barr{\'e}, S{\'e}bastien and Paasch, Christoph and Bonaventure, Olivier},
      booktitle={NETWORKING 2011},
        pages={444--457},
          year={2011},
            publisher={Springer}
}

@techreport{scharf2013multipath,
  title={{Multipath TCP (MPTCP) application interface considerations}},
    author={Scharf, Michael and Ford, Alan},
      year={2013}
}

@techreport{cisco-polarization-enable,
  title={{Troubleshoot Packet Flow in Cisco Catalyst 6500 Series Virtual Switching System 1440}},
    author={{Cisco}},
      year={2009},
}

@techreport{forward-tables,
  title={{Cisco Nexus 3000 Series Switches: Understand, Configure and Tune the Forwarding Table}},
    author={{Cisco}},
      year={2012},
}

@techreport{hp-2920,
  title={{QuickSpecs: HP 2920 Switch Series}},
    author={{HP}},
      year={2014},
}

@techreport{cisco-nexus-3048,
  title={{Cisco Nexus 3048 Switch}},
    author={{Cisco}},
      year={2014},
}

@techreport{cisco-nexus-3064,
  title={{Cisco Nexus 3064-X, 3064-T, and 3064-32T Switches}},
    author={{Cisco}},
      year={2014},
}






@article{Roskind85,
 author = {Roskind, James and Tarjan, Robert E.},
 title = {A Note on Finding Minimum-Cost Edge-Disjoint Spanning Trees},
 journal = {Mathematics of Operations Research},
 issue_date = {June 1962},
 volume = {10},
 number = {4},
 month = {},
 year = {1985},
 issn = {0001-0782},
 pages = {701-708},
 url = {http://dx.doi.org/10.1287/moor.10.4.701},
 doi = {10.1287/moor.10.4.701},
 acmid = {},
 publisher = {},
 address = {},
}

@techreport{HP5400R,
        Author =        {{HP}},
        Title =         {{HP 5400R zl2 Switch Series data sheet}},
        @Howpublished =  {http://www8.hp.com/h20195/v2/GetPDF.aspx/4AA5-2605ENN.pdf},
        Month =         {},
        Year =          {2015},
        @Note =          {Retrieved 2015-02-06},
        summary =       {}
}

@techreport{hp5400multicast,
        Author =        {{HP}},
        Title =         {{HP Multicast and Routing Guide K/KA/KB.15.15}},
        @Howpublished =  {http://h20628.www2.hp.com/km-ext/kmcsdirect/emr\_na-c04217792-3.pdf},
        Month =         {July},
        Year =          {2014},
        @Note =          {Retrieved 2015-09-19},
        summary =       {}
}
        
@inproceedings{mudigonda2010spain,
  title={{SPAIN: COTS Data-Center Ethernet for Multipathing over Arbitrary Topologies.}},
  author={Mudigonda, Jayaram and Yalagandula, Praveen and Al-Fares, Mohammad and Mogul, Jeffrey C},
  booktitle={NSDI},
  pages={265--280},
  year={2010}
}

@article{mudigonda2011netlord,
  title={{NetLord: a scalable multi-tenant network architecture for virtualized datacenters}},
  author={Mudigonda, Jayaram and Yalagandula, Praveen and Mogul, Jeff and Stiekes, Bryan and Pouffary, Yanick},
  journal={ACM SIGCOMM Computer Communication Review},
  volume={41},
  number={4},
  pages={62--73},
  year={2011},
  publisher={ACM}
}

@article{niranjan2009portland,
  title={Portland: a scalable fault-tolerant layer 2 data center network fabric},
  author={Niranjan Mysore, Radhika and Pamboris, Andreas and Farrington, Nathan and Huang, Nelson and Miri, Pardis and Radhakrishnan, Sivasankar and Subramanya, Vikram and Vahdat, Amin},
  journal={ACM SIGCOMM CCR},
  volume={39},
  number={4},
  pages={39--50},
  year={2009},
  publisher={ACM}
}

@inproceedings{kabbani2014flowbender,
  title={{FlowBender: Flow-level Adaptive Routing for Improved Latency and Throughput in Datacenter Networks}},
  author={Kabbani, Abdul and Vamanan, Balajee and Hasan, Jahangir and Duchene, Fabien},
  booktitle={Proceedings of the 10th ACM International on Conference on emerging Networking Experiments and Technologies},
  pages={149--160},
  year={2014},
  organization={ACM}
}

@inproceedings{raiciu2011improving,
  author    = {Costin Raiciu and
               Sebastien Barre and
               Christopher Pluntke and
               Adam Greenhalgh and
               Damon Wischik and
               Mark Handley},
  title     = {Improving datacenter performance and robustness with multipath {TCP}},
  booktitle = {Proceedings of the {ACM} {SIGCOMM} 2011 Conference on Applications,
               Technologies, Architectures, and Protocols for Computer Communications},
  pages     = {266--277},
  year      = {2011},
  @doi       = {10.1145/2018436.2018467},
  @timestamp = {Tue, 26 Jan 2016 10:12:59 +0100},
}

@techreport{cisco_cef,
        Author =        {{Cisco}},
        Title =         {{IP Switching: Cisco Express Forwarding Configuration Guide, Cisco IOS Release 12.4}},
        @Howpublished =  {\url{http://www.cisco.com/c/en/us/td/docs/ios-xml/ios/ipswitch_cef/configuration/12-4/isw-cef-12-4-book.pdf}},
        Month =         {},
        Year =          {2011},
        @Note =          {Retrieved 2015-02-06},
        summary =       {}
}

@techreport{broadcom_smarthash,
        Author =        {{Broadcom}},
        Title =         {Avoiding network polarization and increasing visibility in cloud networks using broadcom smart hash technology},
        @Howpublished =  {\url{http://www.broadcom.com/collateral/wp/StrataXGS_SmartSwitch-WP200-R.pdf}},
        Month =         {},
        Year =          {2012},
        @Note =          {Retrieved 2015-02-06},
        summary =       {}
}

@misc{rezaaifar2008equivalent,
  title={{Equivalent multiple path traffic distribution in communications networks}},
    author={Rezaaifar, Ehsan and Bassin, Yuri},
      year={2008},
        month=mar # "~18",
          publisher={Google Patents},
            note={US Patent 7,346,706}
}

@article{kim2009cost,
  title={Cost-Efficient Dragonfly Topology for Large-Scale Systems},
  author={Kim, John and Dally, William and Scott, Steve and Abts, Dennis},
  journal={IEEE Micro},
  volume={29},
  number={1},
  pages={33--40},
  year={2009},
  publisher={IEEE Computer Society Press}
}

@inproceedings{kim2007flattened,
  title={Flattened butterfly: a cost-efficient topology for high-radix networks},
    author={Kim, John and Dally, William J and Abts, Dennis},
      booktitle={ACM SIGARCH Comp. Arch. News},
        @volume={35},
          @number={2},
            @pages={126--137},
              year={2007},
                @organization={ACM}
}

@inproceedings{besta2014slim_,
  title={Slim Fly: a cost effective low-diameter network topology},
  author={Besta, Maciej and Hoefler, Torsten},
  booktitle={Proceedings of the International Conference for High Performance Computing, Networking, Storage and Analysis},
  pages={348--359},
  year={2014},
  organization={IEEE Press}
}

@inproceedings{besta2014slim,
  author={M. Besta and T. Hoefler},
  title={{Slim Fly: A Cost Effective Low-Diameter Network Topology}},
  year={2014},
  month={Nov.},
  note={ACM/IEEE Supercomputing},
  source={http://www.unixer.de/~htor/publications/},
}

@MISC{pfc_paper,
        Author =        {},
        Title =         {Priority Flow Control: Build Reliable Layer 2 Infrastructure},
        Howpublished = {\url{http://www.cisco.com/c/en/us/products/collateral/switches/nexus-7000-series-switches/white_paper_c11-542809.pdf}},
        Month =         {},
        Year =          {},
        @Note =          {Retrieved 2015-02-06},
        summary =       {}
}

@MISC{ieee802.1bb,
        Author =        {},
        Title =         {802.1Qbb - Priority-based Flow Control},
        Howpublished = {\url{http://www.ieee802.org/1/pages/802.1bb.html}},
        Month =         {},
        Year =          {},
        Note =          {Retrieved 2015-02-06},
        summary =       {}
}

@article{greenberg2009vl2,
	title={{VL2: a scalable and flexible data center network}},
	author={Greenberg, Albert and Hamilton, James R and Jain, Navendu and Kandula, Srikanth and Kim, Changhoon and Lahiri, Parantap and Maltz, David A and Patel, Parveen and Sengupta, Sudipta},
	journal={ACM SIGCOMM computer communication review},
	volume={39},
	number={4},
	pages={51--62},
	year={2009},
	publisher={ACM}
}

@inproceedings{glass1992turn,
	title={The turn model for adaptive routing},
	author={Glass, Christopher J and Ni, Lionel M},
	booktitle={ACM SIGARCH Computer Architecture News},
	volume={20},
	number={2},
	pages={278--287},
	year={1992},
	organization={ACM}
}

@article{perkins1996ip,
	title={IP encapsulation within IP},
	author={Perkins, Charles},
	year={1996}
}

@article{Roskind85,
 author = {Roskind, James and Tarjan, Robert E.},
 title = {A Note on Finding Minimum-Cost Edge-Disjoint Spanning Trees},
 journal = {Mathematics of Operations Research},
 issue_date = {June 1962},
 volume = {10},
 number = {4},
 month = {},
 year = {1985},
 issn = {0001-0782},
 pages = {701-708},
 url = {http://dx.doi.org/10.1287/moor.10.4.701},
 doi = {10.1287/moor.10.4.701},
 acmid = {},
 publisher = {},
 address = {},
}


@article{raiciu2011improving___,
  title={Improving datacenter performance and robustness with multipath tcp},
  author={Raiciu, Costin and Barre, Sebastien and Pluntke, Christopher and Greenhalgh, Adam and Wischik, Damon and Handley, Mark},
  journal={ACM SIGCOMM Computer Communication Review},
  volume={41},
  number={4},
  pages={266--277},
  year={2011},
  publisher={ACM}
}

@article{ft,
  title={Fat-trees: universal networks for hardware-efficient supercomputing},
  author={Leiserson, Charles E},
  journal={Computers, IEEE Transactions on},
  volume={100},
  number={10},
  pages={892--901},
  year={1985},
  publisher={IEEE}
}

@phdthesis{singh2005load,
  title={Load-balanced routing in interconnection networks},
  author={Singh, Arjun},
  year={2005},
  school={Stanford University}
}

@inproceedings{yang1993recursive,
  title={Recursive diagonal torus: An interconnection network for massively parallel computers},
  author={Yang, Yulu and Amano, Hideharu and Shibamura, Hidetomo and Sueyoshi, Toshinori},
  booktitle={Parallel and Distributed Processing, 1993. Proceedings of the Fifth IEEE Symposium on},
  pages={591--594},
  year={1993},
  organization={IEEE}
}

@article{saad1989data,
  title={Data communication in hypercubes},
  author={Saad, Youcef and Schultz, Martin H},
  journal={Journal of parallel and distributed computing},
  volume={6},
  number={1},
  pages={115--135},
  year={1989},
  publisher={Elsevier}
}

@article{raiciu2011improving__,
  title={Improving datacenter performance and robustness with multipath tcp},
  author={Raiciu, Costin and Barre, Sebastien and Pluntke, Christopher and Greenhalgh, Adam and Wischik, Damon and Handley, Mark},
  journal={ACM SIGCOMM Computer Communication Review},
  volume={41},
  number={4},
  pages={266--277},
  year={2011},
  publisher={ACM}
}

@article{delimitrou2011datacenter,
	title={Datacenter Network Design: Performance/Power Comparison of Large-Scale Network Configurations and a Way to Avoid it!},
	author={Delimitrou, Christina and Mohammadi, Milad and Nothaft, Frank Austin and Sharpless, Laura},
	year={2011}
}

@article{mckay1998note,
	author = {McKay, Brendan D and Miller, Mirka and Siran, Jozef},
	title = {A Note on Large Graphs of Diameter Two and Given Maximum Degree},
	journal = {J. Comb. Theory Ser. B},
	issue_date = {Sept. 1998},
	volume = {74},
	number = {1},
	month = sep,
	year = {1998},
	issn = {0095-8956},
	pages = {110--118},
	numpages = {9},
	url = {http://dx.doi.org/10.1006/jctb.1998.1828},
	doi = {10.1006/jctb.1998.1828},
	acmid = {299331},
	publisher = {Academic Press, Inc.},
	address = {Orlando, FL, USA},
} 

@inproceedings{Wischik2011design,
	author = {Wischik, Damon and Raiciu, Costin and Greenhalgh, Adam and Handley, Mark},
	title = {{Design, Implementation and Evaluation of Congestion Control for Multipath TCP}},
	booktitle = {Proceedings of the 8th USENIX Conference on Networked Systems Design and Implementation},
	series = {NSDI'11},
	year = {2011},
	location = {Boston, MA},
	pages = {99--112},
	numpages = {14},
	url = {http://dl.acm.org/citation.cfm?id=1972457.1972468},
	acmid = {1972468},
	publisher = {USENIX Association},
	address = {Berkeley, CA, USA},
} 

@techreport{ramakrishnan1999proposal,
	title={A proposal to add explicit congestion notification (ECN) to IP},
	author={Ramakrishnan, Kadangode and Floyd, Sally},
	year={1999}
}

@phdthesis{gummadi2002adaptive,
  title={Adaptive RED: An Algorithm for Increasing the Robustness of RED’s Active Queue Management},
  author={Gummadi, Ramakrishna},
  year={2002},
  school={Department of Electrical Engineering and Computer Sciences, University of California at Berkeley}
}

@article{alizadeh2011data,
  title={{Data center TCP (DCTCP)}},
  author={Alizadeh, Mohammad and Greenberg, Albert and Maltz, David A and Padhye, Jitendra and Patel, Parveen and Prabhakar, Balaji and Sengupta, Sudipta and Sridharan, Murari},
  journal={ACM SIGCOMM computer communication review},
  volume={41},
  number={4},
  pages={63--74},
  year={2011},
  publisher={ACM}
}

@INPROCEEDINGS{fuentes2015contention, 
author={Fuentes, P. and Vallejo, E. and Garcia, M. and Beivide, R. and Rodriguez, G. and Minkenberg, C. and Valero, M.}, 
booktitle={Parallel and Distributed Processing Symposium (IPDPS), 2015 IEEE International}, 
title={{Contention-Based Nonminimal Adaptive Routing in High-Radix Networks}}, 
year={2015}, 
pages={103-112}, 
@keywords={computer centres;queueing theory;telecommunication congestion control;telecommunication network routing;telecommunication traffic;Dragonfly network;HPC network;adversarial pattern;adversarial traffic pattern;buffer size;coarse-grain measurement;congestion avoidance mechanism;congestion detection;contention detection;contention-based adaptive routing;contention-based nonminimal adaptive routing;data center;high-radix network;network contention;network port;optimal latency;path diversity;queue occupancy;router queue;routing mechanism;routing oscillation;traffic flow;Adaptive systems;Network topology;Oscillators;Ports (Computers);Radiation detectors;Routing;Topology}, 
@doi={10.1109/IPDPS.2015.78}, 
@ISSN={1530-2075}, 
month={May},}

@inproceedings{Dobrescu:2009,
 author = {Dobrescu, Mihai and Egi, Norbert and Argyraki, Katerina and Chun, Byung-Gon and Fall, Kevin and Iannaccone, Gianluca and Knies, Allan and Manesh, Maziar and Ratnasamy, Sylvia},
 title = {{RouteBricks: Exploiting Parallelism to Scale Software Routers}},
 booktitle = {Proceedings of the ACM SIGOPS 22Nd Symposium on Operating Systems Principles},
 series = {SOSP '09},
 year = {2009},
 isbn = {978-1-60558-752-3},
 location = {Big Sky, Montana, USA},
 pages = {15--28},
 numpages = {14},
 url = {http://doi.acm.org/10.1145/1629575.1629578},
 doi = {10.1145/1629575.1629578},
 acmid = {1629578},
 publisher = {ACM},
 address = {New York, NY, USA},
 keywords = {multicore, parallelism, programmability, software router},
} 

@inproceedings{argyraki2008can,
  title={Can software routers scale?},
  author={Argyraki, Katerina and Baset, Salman and Chun, Byung-Gon and Fall, Kevin and Iannaccone, Gianluca and Knies, Allan and Kohler, Eddie and Manesh, Maziar and Nedevschi, Sergiu and Ratnasamy, Sylvia},
  booktitle={ACM PRESTO 2008 (workshop on programmable routers for extensible services of tomorrow)},
  year={2008}
}

@inproceedings{isaacs2000lightweight,
  title={Lightweight, dynamic and programmable virtual private networks},
  author={Isaacs, Rebecca},
  booktitle={Open Architectures and Network Programming, 2000. Proceedings. OPENARCH 2000. 2000 IEEE Third Conference on},
  pages={3--12},
  year={2000},
  organization={IEEE}
}

@inproceedings{alizadeh2012less,
  title={Less is more: trading a little bandwidth for ultra-low latency in the data center},
  author={Alizadeh, Mohammad and Kabbani, Abdul and Edsall, Tom and Prabhakar, Balaji and Vahdat, Amin and Yasuda, Masato},
  booktitle={Proceedings of the 9th USENIX conference on Networked Systems Design and Implementation},
  pages={19--19},
  year={2012},
  organization={USENIX Association}
}

@article{alizadeh2013pfabric,
  title={{pFabric: Minimal near-optimal datacenter transport}},
  author={Alizadeh, Mohammad and Yang, Shuang and Sharif, Milad and Katti, Sachin and McKeown, Nick and Prabhakar, Balaji and Shenker, Scott},
  journal={ACM SIGCOMM Computer Communication Review},
  volume={43},
  number={4},
  pages={435--446},
  year={2013},
  publisher={ACM}
}

@inproceedings{katta2016hula,
  title={Hula: Scalable load balancing using programmable data planes},
    author={Katta, Naga and Hira, Mukesh and Kim, Changhoon and Sivaraman, Anirudh and Rexford, Jennifer},
      booktitle={Proceedings of the Symposium on SDN Research},
        pages={10},
          year={2016},
            organization={ACM}
}

@inproceedings{alizadeh2014conga,
  title={{CONGA: Distributed congestion-aware load balancing for datacenters}},
  author={Alizadeh, Mohammad and Edsall, Tom and Dharmapurikar, Sarang and Vaidyanathan, Ramanan and Chu, Kevin and Fingerhut, Andy and Matus, Francis and Pan, Rong and Yadav, Navindra and Varghese, George and others},
  booktitle={Proceedings of the 2014 ACM conference on SIGCOMM},
  pages={503--514},
  year={2014},
  organization={ACM}
}

@inproceedings{curtis2011devoflow,
  title={{DevoFlow: Scaling flow management for high-performance networks}},
    author={Curtis, Andrew R and Mogul, Jeffrey C and Tourrilhes, Jean and Yalagandula, Praveen and Sharma, Puneet and Banerjee, Sujata},
      booktitle={ACM SIGCOMM Computer Communication Review},
        volume={41},
          number={4},
            pages={254--265},
              year={2011},
                organization={ACM}
}


@inproceedings{ballani2011towards,
  title={Towards predictable datacenter networks},
  author={Ballani, Hitesh and Costa, Paolo and Karagiannis, Thomas and Rowstron, Ant},
  booktitle={ACM SIGCOMM Computer Communication Review},
  volume={41},
  number={4},
  pages={242--253},
  year={2011},
  organization={ACM}
}

@article{kandula2007dynamic_,
  title={Dynamic load balancing without packet reordering},
  author={Kandula, Srikanth and Katabi, Dina and Sinha, Shantanu and Berger, Arthur},
  journal={ACM SIGCOMM Computer Communication Review},
  volume={37},
  number={2},
  pages={51--62},
  year={2007},
  publisher={ACM}
}

@inproceedings{zhang2003rr,
  title={{RR-TCP: a reordering-robust TCP with DSACK}},
  author={Zhang, Ming and Karp, Brad and Floyd, Sally and Peterson, Larry},
  booktitle={Network Protocols, 2003. Proceedings. 11th IEEE International Conference on},
  pages={95--106},
  year={2003},
  organization={IEEE}
}

@inproceedings{kim2008floodless,
  author    = {Changhoon Kim and
               Matthew Caesar and
               Jennifer Rexford},
  title     = {Floodless in seattle: a scalable ethernet architecture for large enterprises},
  booktitle = {ACM SIGCOMM},
  pages     = {3--14},
  year      = {2008},
  @doi       = {10.1145/1402958.1402961},
  @timestamp = {Tue, 26 Jan 2016 10:12:59 +0100},
}

@article{singla2012jellyfish,
  title={{Jellyfish: Networking data centers randomly}},
  author={Singla, Ankit and Hong, Chi-Yao and Popa, Lucian and Godfrey, P Brighten},
  journal={9th USENIX Symposium on Networked Systems Design and Implementation (NSDI)},
  year={2012}
}

@inproceedings{singla2010scalable__,
  title={Scalable routing on flat names},
  author={Singla, Ankit and Godfrey, P and Fall, Kevin and Iannaccone, Gianluca and Ratnasamy, Sylvia},
  booktitle={Proceedings of the 6th International COnference},
  pages={20},
  year={2010},
  organization={ACM}
}

@inproceedings{singla2010scalable,
 author = {Singla, Ankit and Godfrey, P. Brighten and Fall, Kevin and Iannaccone, Gianluca and Ratnasamy, Sylvia},
  title = {{Scalable Routing on Flat Names}},
   booktitle = {Proceedings of the 6th International COnference},
    series = {Co-NEXT '10},
     year = {2010},
      isbn = {978-1-4503-0448-1},
       location = {Philadelphia, Pennsylvania},
        pages = {20:1--20:12},
         articleno = {20},
          numpages = {12},
           url = {http://doi.acm.org/10.1145/1921168.1921195},
            doi = {10.1145/1921168.1921195},
             acmid = {1921195},
              publisher = {ACM},
               address = {New York, NY, USA},
} 


@article{kim2007flattened_,
  title={{Flattened Butterfly: A Cost-Efficient Topology for High-Radix Networks}},
  author={Kim, John and Dally, William J and Abts, Dennis},
  journal={ACM SIGARCH Computer Architecture News},
  volume={35},
  number={2},
  pages={126--137},
  year={2007},
  publisher={ACM}
}

@article{dally1990performance,
  title={Performance analysis of k-ary n-cube interconnection networks},
  author={Dally, William J},
  journal={Computers, IEEE Transactions on},
  volume={39},
  number={6},
  pages={775--785},
  year={1990},
  publisher={IEEE}
}

@inproceedings{al2010hedera,
  title={Hedera: Dynamic Flow Scheduling for Data Center Networks.},
  author={Al-Fares, Mohammad and Radhakrishnan, Sivasankar and Raghavan, Barath and Huang, Nelson and Vahdat, Amin},
  booktitle={NSDI},
  volume={10},
  pages={19--19},
  year={2010}
}

@inproceedings{valadarsky2015,
  author    = {Asaf Valadarsky and
               Michael Dinitz and
               Michael Schapira},
  title     = {Xpander: Unveiling the Secrets of High-Performance Datacenters},
  booktitle = {{ACM} HotNets},
  @pages     = {16:1--16:7},
  year      = {2015},
  @url       = {http://doi.acm.org/10.1145/2834050.2834059},
  @doi       = {10.1145/2834050.2834059},
  @timestamp = {Tue, 05 Jan 2016 15:36:39 +0100},
}

@article{gusfield1990,
  author    = {Dan Gusfield},
  title     = {Very Simple Methods for All Pairs Network Flow Analysis},
  journal   = {{SIAM} J. Comput.},
  volume    = {19},
  number    = {1},
  pages     = {143--155},
  year      = {1990},
  url       = {http://dx.doi.org/10.1137/0219009},
  doi       = {10.1137/0219009},
  timestamp = {Mon, 12 Sep 2011 16:10:09 +0200},
}

@article{cheung2013,
  author    = {Ho Yee Cheung and
               Lap Chi Lau and
               Kai Man Leung},
  title     = {Graph Connectivities, Network Coding, and Expander Graphs},
  journal   = {{SIAM} J. Comput.},
  volume    = {42},
  number    = {3},
  pages     = {733--751},
  year      = {2013},
  url       = {http://dx.doi.org/10.1137/110844970},
  doi       = {10.1137/110844970},
  timestamp = {Mon, 15 Jul 2013 01:00:00 +0200},
}

@inproceedings{hoefler2008switches,
  author    = {Torsten Hoefler and
               Timo Schneider and
               Andrew Lumsdaine},
  title     = {Multistage switches are not crossbars: Effects of static routing in
               high-performance networks},
  booktitle = {Proceedings of the 2008 {IEEE} International Conference on Cluster
               Computing, 29 September - 1 October 2008, Tsukuba, Japan},
  pages     = {116--125},
  year      = {2008},
  url       = {http://dx.doi.org/10.1109/CLUSTR.2008.4663762},
  doi       = {10.1109/CLUSTR.2008.4663762},
  timestamp = {Thu, 05 Nov 2015 12:38:23 +0100},
}

@inproceedings{bhatele2011hotspots,
  author    = {Abhinav Bhatele and
               Nikhil Jain and
               William D. Gropp and
               Laxmikant V. Kale},
  title     = {Avoiding hot-spots on two-level direct networks},
  booktitle = {Conference on High Performance Computing Networking, Storage and Analysis,
               {SC} 2011, Seattle, WA, USA, November 12-18, 2011},
  pages     = {76:1--76:11},
  year      = {2011},
  doi       = {10.1145/2063384.2063486},
  timestamp = {Tue, 30 Jun 2015 16:34:04 +0200},
}


@article{cardwell2017brr,
  author    = {Neal Cardwell and
               Yuchung Cheng and
               C. Stephen Gunn and
               Soheil Hassas Yeganeh and
               Van Jacobson},
  title     = {{BBR:} congestion-based congestion control},
  journal   = {Commun. {ACM}},
  volume    = {60},
  number    = {2},
  pages     = {58--66},
  year      = {2017},
  @doi       = {10.1145/3009824},
  timestamp = {Mon, 06 Feb 2017 15:05:06 +0100},
}

@inproceedings{wu2012tuning,
  author    = {Haitao Wu and
               Jiabo Ju and
               Guohan Lu and
               Chuanxiong Guo and
               Yongqiang Xiong and
               Yongguang Zhang},
  title     = {Tuning {ECN} for data center networks},
  booktitle = {Conference on emerging Networking Experiments and Technologies, CoNEXT
               '12, Nice, France - December 10 - 13, 2012},
  pages     = {25--36},
  year      = {2012},
  doi       = {10.1145/2413176.2413181},
  timestamp = {Thu, 13 Dec 2012 12:41:03 +0100},
}

@MISC{BRKDCT-2214,
        Author =        {Lucien Avramov},
        Title =         {Ultra Low Latency Designs (BRKDCT-2214)},
        Howpublished =  {Presented at Cisco live!},
        Month =         {},
        Year =          {2014},
        Note =          {},
        summary =       {},
        url =           {http://d2zmdbbm9feqrf.cloudfront.net/2014/usa/pdf/BRKDCT-2214.pdf},
}

@inproceedings{cao2012delaybased,
  author    = {Yu Cao and
               Mingwei Xu and
               Xiaoming Fu},
  title     = {Delay-based congestion control for multipath {TCP}},
  booktitle = {20th {IEEE} International Conference on Network Protocols, {ICNP} 2012, Austin, TX, USA, October 30 - Nov. 2, 2012},
  pages     = {1--10},
  year      = {2012},
  doi       = {10.1109/ICNP.2012.6459978},
  timestamp = {Sun, 23 Oct 2016 19:31:44 +0200},
}

@inproceedings{zats2012detail,
  author    = {David Zats and
               Tathagata Das and
               Prashanth Mohan and
               Dhruba Borthakur and
               Randy H. Katz},
  title     = {DeTail: reducing the flow completion time tail in datacenter networks},
  booktitle = {{ACM} {SIGCOMM}},
  pages     = {139--150},
  year      = {2012},
  @doi       = {10.1145/2342356.2342390},
  @timestamp = {Sat, 08 Sep 2012 11:20:49 +0200},
}

@misc{frantz1999vlan,
  title={VLAN frame format},
    author={Frantz, Paul James and Thompson, Geoffrey O},
      year={1999},
        month=sep # "~28",
          publisher={Google Patents},
            note={US Patent 5,959,990}
}

@inproceedings{pelkey2011ns3,
  author    = {Joshua Pelkey and
               George Riley},
  title     = {Distributed simulation with {MPI} in \emph{ns-3}},
  booktitle = {4th International {ICST} Conference on Simulation Tools and Techniques,
               SIMUTools '11, Barcelona, Spain, March 22 - 24, 2011},
  pages     = {410--414},
  year      = {2011},
  doi       = {10.4108/icst.simutools.2011.245585},
  timestamp = {Tue, 24 Mar 2015 18:02:53 +0100},
}

@inproceedings{benito2015ethernet,
  author    = {Mariano Benito and
               Enrique Vallejo and
               Ramon Beivide},
  title     = {On the Use of Commodity Ethernet Technology in Exascale {HPC} Systems},
  booktitle = {22nd {IEEE} International Conference on High Performance Computing,
               HiPC 2015, Bengaluru, India, December 16-19, 2015},
  pages     = {254--263},
  year      = {2015},
  doi       = {10.1109/HiPC.2015.32},
  timestamp = {Fri, 29 Apr 2016 12:31:22 +0200},
}

@inproceedings{wolfe2016slimfly,
  author    = {Noah Wolfe and
               Christopher D. Carothers and
               Misbah Mubarak and
               Robert B. Ross and
               Philip H. Carns},
  title     = {Modeling a Million-Node Slim Fly Network Using Parallel Discrete-Event
               Simulation},
  booktitle = {Proceedings of the 2016 annual {ACM} Conference on {SIGSIM} Principles
               of Advanced Discrete Simulation, {SIGSIM-PADS} 2016, Banff, Alberta,
               Canada, May 15-18, 2016},
  pages     = {189--199},
  year      = {2016},
  url       = {http://doi.acm.org/10.1145/2901378.2901389},
  doi       = {10.1145/2901378.2901389},
  timestamp = {Mon, 23 May 2016 15:46:18 +0200},
  biburl    = {http://dblp.uni-trier.de/rec/bib/conf/pads/WolfeCMRC16},
  bibsource = {dblp computer science bibliography, http://dblp.org}
}

@inproceedings{mubarak2012dragonfly,
  author    = {Misbah Mubarak and
               Christopher D. Carothers and
               Robert B. Ross and
               Philip H. Carns},
  title     = {Modeling a Million-Node Dragonfly Network Using Massively Parallel
               Discrete-Event Simulation},
  booktitle = {2012 {SC} Companion: High Performance Computing, Networking Storage
               and Analysis, Salt Lake City, UT, USA, November 10-16, 2012},
  pages     = {366--376},
  year      = {2012},
  doi       = {10.1109/SC.Companion.2012.56},
  timestamp = {Wed, 18 Mar 2015 17:45:10 +0100},
}

@inproceedings{arimilli2010percs,
  author    = {L. Baba Arimilli and
               Ravi Arimilli and
               Vicente Chung and
               Scott Clark and
               Wolfgang E. Denzel and
               Ben C. Drerup and
               Torsten Hoefler and
               Jody B. Joyner and
               Jerry Lewis and
               Jian Li and
               Nan Ni and
               Ramakrishnan Rajamony},
  title     = {The {PERCS} High-Performance Interconnect},
  booktitle = {{IEEE} 18th Annual Symposium on High Performance Interconnects, {HOTI} 2010, Google Campus, Mountain View, California, USA, August 18-20,2010},
  pages     = {75--82},
  year      = {2010},
  doi       = {10.1109/HOTI.2010.16},
  timestamp = {Fri, 19 May 2017 01:26:45 +0200},
}

@inproceedings{garcia2012ofar,
  author    = {Marina Garcia and
               Enrique Vallejo and
               Ramon Beivide and
               Miguel Odriozola and
               Cristobal Camarero and
               Mateo Valero and
               German Rodriguez and
               Jesus Labarta and
               Cyriel Minkenberg},
  title     = {On-the-Fly Adaptive Routing in High-Radix Hierarchical Networks},
  booktitle = {41st International Conference on Parallel Processing, {ICPP}}, 
  pages     = {279--288},
  year      = {2012},
  @url       = {https://doi.org/10.1109/ICPP.2012.46},
  @doi       = {10.1109/ICPP.2012.46},
  @timestamp = {Fri, 19 May 2017 01:26:07 +0200},
}


@inproceedings{garcia2013ofarcm,
  author    = {Marina Garcia and
               Enrique Vallejo and
               Ramon Beivide and
               Mateo Valero and
               German Rodriguez},
  title     = {{OFAR-CM:} Efficient Dragonfly Networks with Simple Congestion Management},
  booktitle = {{IEEE} 21st Annual Symposium on High-Performance Interconnects, {HOTI} 2013, Santa Clara, CA, USA, August 21-23, 2013},
  pages     = {55--62},
  year      = {2013},
  doi       = {10.1109/HOTI.2013.16},
  timestamp = {Fri, 19 May 2017 01:26:45 +0200},
}

@inproceedings{garcia2013efficient,
  author    = {Marina Garcia and
               Enrique Vallejo and
               Ramon Beivide and
               Miguel Odriozola and
               Mateo Valero},
  title     = {Efficient Routing Mechanisms for Dragonfly Networks},
  booktitle = {42nd International Conference on Parallel Processing, {ICPP}},
  pages     = {582--592},
  year      = {2013},
  @doi       = {10.1109/ICPP.2013.72},
  @timestamp = {Fri, 19 May 2017 01:26:08 +0200},
}

@inproceedings{lockwood2007netfpga,
  author    = {John W. Lockwood and
               Nick McKeown and
               Gregory Watson and
               Glen Gibb and
               Paul Hartke and
               Jad Naous and
               Ramanan Raghuraman and
               Jianying Luo},
  title     = {NetFPGA-An Open Platform for Gigabit-Rate Network Switching and Routing},
  booktitle = {{IEEE} International Conference on Microelectronic Systems Education,
               {MSE} '07, San Diego, CA, USA, June 3-4, 2007},
  pages     = {160--161},
  year      = {2007},
  doi       = {10.1109/MSE.2007.69},
  timestamp = {Sun, 21 May 2017 00:19:09 +0200},
}

@inproceedings{foerster2016fec,
  author    = {Klaus{-}Tycho Foerster and
               Demian Jaeger and
               David Stolz and
               Roger Wattenhofer},
  title     = {Reducing the latency-tail of short-lived flows: Adding forward error
               correction in data centers},
  booktitle = {15th {IEEE} International Symposium on Network Computing and Applications,
               {NCA} 2016, Cambridge, Boston, MA, USA, October 31 - November 2, 2016},
  pages     = {122--125},
  year      = {2016},
  doi       = {10.1109/NCA.2016.7778605},
  timestamp = {Tue, 20 Dec 2016 17:12:43 +0100},
}

@inproceedings{bai2014pias,
  author    = {Wei Bai and
               Li Chen and
               Kai Chen and
               Dongsu Han and
               Chen Tian and
               Weicheng Sun},
  title     = {{PIAS:} Practical Information-Agnostic Flow Scheduling for Data Center
               Networks},
  booktitle = {Proceedings of the 13th {ACM} Workshop on Hot Topics in Networks,
               HotNets-XIII},
  pages     = {25:1--25:7},
  year      = {2014},
  @doi       = {10.1145/2670518.2673871},
  timestamp = {Thu, 07 May 2015 19:48:27 +0200},
}

@inproceedings{mittal2015timely,
  author    = {Radhika Mittal and
               Vinh The Lam and
               Nandita Dukkipati and
               Emily R. Blem and
               Hassan M. G. Wassel and
               Monia Ghobadi and
               Amin Vahdat and
               Yaogong Wang and
               David Wetherall and
               David Zats},
  title     = {{TIMELY:} RTT-based Congestion Control for the Datacenter},
  booktitle = {Proceedings of the 2015 {ACM} Conference on Special Interest Group
               on Data Communication, {SIGCOMM}},
  pages     = {537--550},
  year      = {2015},
  @timestamp = {Thu, 13 Aug 2015 09:24:21 +0200},
}

@article{cardwell2016bbr,
  author    = {Neal Cardwell and
               Yuchung Cheng and
               C. Stephen Gunn and
               Soheil Hassas Yeganeh and
               Van Jacobson},
  title     = {{BBR:} Congestion-Based Congestion Control},
  journal   = {{ACM} Queue},
  volume    = {14},
  number    = {5},
  pages     = {20--53},
  year      = {2016},
  doi       = {10.1145/3012426.3022184},
  timestamp = {Fri, 06 Jan 2017 18:45:34 +0100},
}

@inproceedings{jouet2016otcp,
  author    = {Simon Jouet and
               Colin Perkins and
               Dimitrios P. Pezaros},
  title     = {{OTCP:} SDN-managed congestion control for data center networks},
  booktitle = {2016 {IEEE/IFIP} Network Operations and Management Symposium, {NOMS} 2016, Istanbul, Turkey, April 25-29, 2016},
  pages     = {171--179},
  year      = {2016},
  doi       = {10.1109/NOMS.2016.7502810},
  timestamp = {Fri, 19 May 2017 01:26:24 +0200},
}

@inproceedings{zhang2016tfc,
  author    = {Jiao Zhang and
               Fengyuan Ren and
               Ran Shu and
               Peng Cheng},
  title     = {{TFC:} token flow control in data center networks},
  booktitle = {Proceedings of the Eleventh European Conference on Computer Systems,
               EuroSys 2016, London, United Kingdom, April 18-21, 2016},
  pages     = {23:1--23:14},
  year      = {2016},
  timestamp = {Thu, 17 Nov 2016 19:38:29 +0100},
}

@inproceedings{zhuo2016rackcc,
  title={Rack-level Congestion Control},
  author={Zhuo, Danyang and Zhang, Qiao and Liu, Vincent and Krishnamurthy, Arvind and Anderson, Thomas},
  booktitle={Proceedings of the 15th ACM Workshop on Hot Topics in Networks},
  pages={148--154},
  year={2016},
  organization={ACM}
}

@inproceedings{dixit2013packetspray,
  author    = {Advait Abhay Dixit and
               Pawan Prakash and
               Y. Charlie Hu and
               Ramana Rao Kompella},
  title     = {On the impact of packet spraying in data center networks},
  booktitle = {Proceedings of the {IEEE} {INFOCOM} 2013, Turin, Italy, April 14-19,
               2013},
  pages     = {2130--2138},
  year      = {2013},
  doi       = {10.1109/INFCOM.2013.6567015},
  timestamp = {Tue, 16 May 2017 16:26:28 +0200},
}

@inproceedings{sen2013localflow,
  author    = {Siddhartha Sen and
               David Shue and
               Sunghwan Ihm and
               Michael J. Freedman},
  title     = {Scalable, optimal flow routing in datacenters via local link balancing},
  booktitle = {CoNEXT},
  @pages     = {151--162},
  year      = {2013},
  @doi       = {10.1145/2535372.2535397},
  @timestamp = {Thu, 09 Jan 2014 12:19:18 +0100},
}

@inproceedings{tso2013longer,
  author    = {Fung Po Tso and
               Gregg Hamilton and
               Rene Weber and
               Colin Perkins and
               Dimitrios P. Pezaros},
  title     = {Longer Is Better: Exploiting Path Diversity in Data Center Networks},
  booktitle = {{IEEE} 33rd International Conference on Distributed Computing Systems,
               {ICDCS}},
  pages     = {430--439},
  year      = {2013},
  @doi       = {10.1109/ICDCS.2013.36},
  @timestamp = {Sun, 21 May 2017 00:17:42 +0200},
}

@inproceedings{katta2016clove,
  author    = {Naga Praveen Katta and
               Mukesh Hira and
               Aditi Ghag and
               Changhoon Kim and
               Isaac Keslassy and
               Jennifer Rexford},
  title     = {{CLOVE:} How {I} learned to stop worrying about the core and love
               the edge},
  booktitle = {Proceedings of the 15th {ACM} Workshop on Hot Topics in Networks,
               HotNets},
  pages     = {155--161},
  year      = {2016},
  @doi       = {10.1145/3005745.3005751},
  @timestamp = {Tue, 22 Nov 2016 13:25:16 +0100},
}

@inproceedings{geng2016juggler,
  author    = {Yilong Geng and
               Vimalkumar Jeyakumar and
               Abdul Kabbani and
               Mohammad Alizadeh},
  title     = {Juggler: a practical reordering resilient network stack for datacenters},
  booktitle = {Proceedings of the Eleventh European Conference on Computer Systems,
               EuroSys 2016, London, United Kingdom, April 18-21, 2016},
  pages     = {20:1--20:16},
  year      = {2016},
  doi       = {10.1145/2901318.2901334},
  timestamp = {Thu, 17 Nov 2016 19:38:29 +0100},
}


@inproceedings{wu2012dard,
  author    = {Xin Wu and
               Xiaowei Yang},
  title     = {{DARD:} Distributed Adaptive Routing for Datacenter Networks},
  booktitle = {2012 {IEEE} 32nd International Conference on Distributed Computing
               Systems, Macau, China, June 18-21, 2012},
  pages     = {32--41},
  year      = {2012},
  doi       = {10.1109/ICDCS.2012.69},
  timestamp = {Sun, 21 May 2017 00:17:43 +0200},
}

@inproceedings{he2015presto,
  author    = {Keqiang He and
               Eric Rozner and
               Kanak Agarwal and
               Wes Felter and
               John B. Carter and
               Aditya Akella},
  title     = {Presto: Edge-based Load Balancing for Fast Datacenter Networks},
  booktitle = {ACM SIGCOMM}, 
  @pages     = {465--478},
  year      = {2015},
  @doi       = {10.1145/2785956.2787507},
  @timestamp = {Thu, 13 Aug 2015 09:24:21 +0200},
}

@inproceedings{agarwal2014shadow,
  author    = {Kanak Agarwal and
               Colin Dixon and
               Eric Rozner and
               John B. Carter},
  title     = {Shadow MACs: scalable label-switching for commodity ethernet},
  booktitle = {HotSDN'14},
  pages     = {157--162},
  year      = {2014},
  @doi       = {10.1145/2620728.2620758},
  timestamp = {Fri, 24 Apr 2015 08:08:37 +0200},
}

@inproceedings{chen2009incast,
  author    = {Yanpei Chen and
               Rean Griffith and
               Junda Liu and
               Randy H. Katz and
               Anthony D. Joseph},
  title     = {Understanding {TCP} incast throughput collapse in datacenter networks},
  booktitle = {Proceedings of the 1st {ACM} {SIGCOMM} 2009 Workshop on Research on
               Enterprise Networking, {WREN} 2009, Barcelona, Spain, August 21, 2009},
  pages     = {73--82},
  year      = {2009},
  doi       = {10.1145/1592681.1592693},
  timestamp = {Wed, 18 Nov 2009 08:39:46 +0100},
}

@inproceedings{he2016acdc,
  author    = {Keqiang He and
               Eric Rozner and
               Kanak Agarwal and
               Yu (Jason) Gu and
               Wes Felter and
               John B. Carter and
               Aditya Akella},
  title     = {{AC/DC} {TCP:} Virtual Congestion Control Enforcement for Datacenter
               Networks},
  booktitle = {Proceedings of the 2016 conference on {ACM} {SIGCOMM}},
  pages     = {244--257},
  year      = {2016},
  @doi       = {10.1145/2934872.2934903},
  @timestamp = {Tue, 09 Aug 2016 13:23:22 +0200},
}

@inproceedings{vanini2017letflow,
  author    = {Erico Vanini and
               Rong Pan and
               Mohammad Alizadeh and
               Parvin Taheri and
               Tom Edsall},
  title     = {Let It Flow: Resilient Asymmetric Load Balancing with Flowlet Switching},
  booktitle = {{NSDI}},
  pages     = {407--420},
  year      = {2017},
  @timestamp = {Tue, 28 Mar 2017 15:12:32 +0200},
}

@inproceedings{hoefler2011generic,
  author    = {Torsten Hoefler and
               Marc Snir},
  title     = {Generic topology mapping strategies for large-scale parallel architectures},
  booktitle = {Proceedings of the 25th International Conference on Supercomputing,
               2011, Tucson, AZ, USA, May 31 - June 04, 2011},
  pages     = {75--84},
  year      = {2011},
  url       = {http://doi.acm.org/10.1145/1995896.1995909},
  doi       = {10.1145/1995896.1995909},
  timestamp = {Thu, 12 Nov 2015 15:36:20 +0100},
}

@article{clos1953study,
  title={A Study of Non-Blocking Switching Networks},
  author={Clos, Charles},
  journal={Bell Labs Technical Journal},
  volume={32},
  number={2},
  pages={406--424},
  year={1953},
}

@inproceedings{jyothi2016measuring,
  title={Measuring and understanding throughput of network topologies},
    author={Jyothi, Sangeetha Abdu and Singla, Ankit and Godfrey, P Brighten and Kolla, Alexandra},
      booktitle={ACM/IEEE Supercomputing},
        @pages={761--772},
          year={2016},
            @organization={IEEE}
}

@article{leiserson1996cm5,
  author    = {Charles E. Leiserson and
               Zahi S. Abuhamdeh and
               David C. Douglas and
               Carl R. Feynman and
               Mahesh N. Ganmukhi and
               Jeffrey V. Hill and
               W. Daniel Hillis and
               Bradley C. Kuszmaul and
               Margaret A. St. Pierre and
               David S. Wells and
               Monica C. Wong{-}Chan and
               Shaw{-}Wen Yang and
               Robert Zak},
  title     = {The Network Architecture of the Connection Machine {CM-5}},
  journal   = {J. Parallel Distrib. Comput.},
  volume    = {33},
  number    = {2},
  pages     = {145--158},
  year      = {1996},
  @doi       = {10.1006/jpdc.1996.0033},
  @timestamp = {Fri, 26 May 2017 22:51:59 +0200},
}

@inproceedings{alfares2008scalable,
  author    = {Mohammad Al{-}Fares and
               Alexander Loukissas and
               Amin Vahdat},
  title     = {A scalable, commodity data center network architecture},
  booktitle = {ACM {SIGCOMM}},
  pages     = {63--74},
  year      = {2008},
  @doi       = {10.1145/1402958.1402967},
  timestamp = {Tue, 26 Jan 2016 10:12:59 +0100},
}

@article{miller2005moore,
  title={Moore graphs and beyond: A survey of the degree/diameter problem},
  author={Miller, Mirka and Sir{\'a}n, Jozef},
  journal={The electronic journal of combinatorics},
  volume={1000},
  pages={DS14--Dec},
  year={2005},
}

@inproceedings{handley2017re,
  title     = {Re-architecting datacenter networks and stacks for low latency and high performance}, 	
  author    = {Mark Handley and Costin Raiciu and Alexandru Agache and Andrei Voinescu and Andrew W. Moore and Gianni Antichi and Marcin Wojcik},
  booktitle = {ACM SIGCOMM},
  @pages     = {29--42},
  year      = {2017},
  @url       = {http://doi.acm.org/10.1145/3098822.3098825},
  @doi       = {10.1145/3098822.3098825},
  @timestamp = {Tue, 15 Aug 2017 20:12:35 +0200},
  @biburl    = {http://dblp.uni-trier.de/rec/bib/conf/sigcomm/HandleyRAV0AW17},
  @bibsource = {dblp computer science bibliography, http://dblp.org}
}

@inproceedings{ghorbani17drill,
          author    = {Soudeh Ghorbani and Zibin Yang and P. Brighten Godfrey and Yashar Ganjali and Amin Firoozshahian},
            title     = {DRILL: Micro Load Balancing for Low-latency Data Center Neworks},
  booktitle = {Proceedings of the Conference of the {ACM} Special Interest Group
               on Data Communication, {SIGCOMM} 2017, Los Angeles, CA, USA, August
               21-25, 2017},
                  year      = {2017},
}

@inproceedings{kassing2017beyond,
  author    = {Simon Kassing and
               Asaf Valadarsky and
               Gal Shahaf and
               Michael Schapira and
               Ankit Singla},
  title     = {Beyond fat-trees without antennae, mirrors, and disco-balls},
  booktitle = {ACM SIGCOMM}, 
  pages     = {281--294},
  year      = {2017},
  @url       = {http://doi.acm.org/10.1145/3098822.3098836},
  @doi       = {10.1145/3098822.3098836},
  @timestamp = {Tue, 15 Aug 2017 20:12:35 +0200},
  @biburl    = {http://dblp.uni-trier.de/rec/bib/conf/sigcomm/KassingVSSS17},
  @bibsource = {dblp computer science bibliography, http://dblp.org}
}

@article{jiang2016booksim,
  title={Booksim interconnection network simulator},
  author={Jiang, N and Michelogiannakis, G and Becker, D and Towles, B and Dally, W},
  journal={Online, https://nocs. stanford. edu/cgibin/trac. cgi/wiki/Resources/BookSim},
  year={2016}
}

@incollection{issariyakul2012introduction,
  title={Introduction to Network Simulator 2 (NS2)},
  author={Issariyakul, Teerawat and Hossain, Ekram},
  booktitle={Introduction to Network Simulator NS2},
  pages={21--40},
  year={2012},
  publisher={Springer}
}

@misc{mac-in-mac,
  title = {{IEEE 802.1ah standard}},
  author={{IEEE}},
  howpublished = {\url{http://www.ieee802.org/1/pages/802.1ah.html}, 2008},
  @note = {Accessed: 2018-11-19}
}



@misc{mellanox-sales,
  title = {{THE TUG OF WAR BETWEEN INFINIBAND AND ETHERNET}},
  author={The Next Platform},
  howpublished = {\url{https://www.nextplatform.com/2017/10/30/tug-war-infiniband-ethernet/}},
  @note = {Accessed: 2018-11-19}
}


@misc{mellanox-sales-2020,
  title = {{Mellanox Delivers Record First Quarter 2020 Financial Results}},
  author={{Yahho Finance}},
  howpublished = {\url{https://finance.yahoo.com/news/mellanox-delivers-record-first-quarter-200500726.htm}},
  @note = {Accessed: 2018-11-19}
}



@misc{ns3web,
  title = {{Network Simulator 3}},
  author={ss},
  howpublished = {\url{https://www.nsnam.org/}},
  note = {Accessed: 2018-11-19}
}

@inproceedings{Fan:2017:NPN:3123878.3132002,
 author = {Fan, Chengze and Bi, Jun and Zhou, Yu and Zhang, Cheng and Yu, Haisu},
 title = {{NS4: A P4-driven Network Simulator}},
 booktitle = {Proceedings of the SIGCOMM Posters and Demos},
 series = {SIGCOMM Posters and Demos '17},
 year = {2017},
 isbn = {978-1-4503-5057-0},
 location = {Los Angeles, CA, USA},
 pages = {105--107},
 numpages = {3},
 url = {http://doi.acm.org/10.1145/3123878.3132002},
 doi = {10.1145/3123878.3132002},
 acmid = {3132002},
 publisher = {ACM},
 address = {New York, NY, USA},
 keywords = {P4, simulation}
} 

@misc{garcia2014fogsim,
	title={FOGSim interconnection network simulator. University of Cantabria},
	author={Garc{\i}a, M and Fuentes, P and Odriozola, M and Vallejo, E and Beivide, R},
	year={2014}
}

@inproceedings{gamer2009large,
	title={Large-scale evaluation of distributed attack detection},
	author={Gamer, Thomas and Mayer, Christoph P},
	booktitle={Proceedings of the 2nd International Conference on Simulation Tools and Techniques},
	pages={68},
	year={2009},
	organization={ICST (Institute for Computer Sciences, Social-Informatics and Telecommunications Engineering)}
}

@inproceedings{cope2011codes,
	title={Codes: Enabling co-design of multilayer exascale storage architectures},
	author={Cope, Jason and Liu, Ning and Lang, Sam and Carns, Phil and Carothers, Chris and Ross, Robert},
	booktitle={Proceedings of the Workshop on Emerging Supercomputing Technologies},
	volume={2011},
	year={2011}
}

@inproceedings{hoefler2010loggopsim,
	title={LogGOPSim: simulating large-scale applications in the LogGOPS model},
	author={Hoefler, Torsten and Schneider, Timo and Lumsdaine, Andrew},
	booktitle={Proceedings of the 19th ACM International Symposium on High Performance Distributed Computing},
	pages={597--604},
	year={2010},
	organization={ACM}
}

@inproceedings{hoefler2010characterizing,
	title={Characterizing the influence of system noise on large-scale applications by simulation},
	author={Hoefler, Torsten and Schneider, Timo and Lumsdaine, Andrew},
	booktitle={Proceedings of the 2010 ACM/IEEE International Conference for High Performance Computing, Networking, Storage and Analysis},
	pages={1--11},
	year={2010},
	organization={IEEE Computer Society}
}

@inproceedings{groves2016sai,
	title={(SAI) Stalled, Active and Idle: Characterizing Power and Performance of Large-Scale Dragonfly Networks},
	author={Groves, Taylor and Grant, Ryan E and Hemmer, Scott and Hammond, Simon and Levenhagen, Michael and Arnold, Dorian C},
	booktitle={Cluster Computing (CLUSTER), 2016 IEEE International Conference on},
	pages={50--59},
	year={2016},
	organization={IEEE}
}

@techreport{rodrigues2016structural,
	title={Structural Simulation Toolkit (SST).},
	author={Rodrigues, Arun F and Voskuilen, Gwendolyn Renae and Hammond, Simon David and Hemmert, Karl Scott},
	year={2016},
	institution={Sandia National Lab.(SNL-NM), Albuquerque, NM (United States)}
}

@article{engelmann2014scaling,
	title={Scaling to a million cores and beyond: Using light-weight simulation to understand the challenges ahead on the road to exascale},
	author={Engelmann, Christian},
	journal={Future Generation Computer Systems},
	volume={30},
	pages={59--65},
	year={2014},
	publisher={Elsevier}
}

@inproceedings{bohm2011xsim,
	title={xSim: The extreme-scale simulator},
	author={B{\"o}hm, Swen and Engelmann, Christian},
	booktitle={High Performance Computing and Simulation (HPCS), 2011 International Conference on},
	pages={280--286},
	year={2011},
	organization={IEEE}
}

@inproceedings{zheng2004bigsim,
	title={Bigsim: A parallel simulator for performance prediction of extremely large parallel machines},
	author={Zheng, Gengbin and Kakulapati, Gunavardhan and Kal{\'e}, Laxmikant V},
	booktitle={Parallel and Distributed Processing Symposium, 2004. Proceedings. 18th International},
	pages={78},
	year={2004},
	organization={IEEE}
}

@inproceedings{jain2016evaluating,
	title={Evaluating HPC networks via simulation of parallel workloads},
	author={Jain, Nikhil and Bhatele, Abhinav and White, Sam and Gamblin, Todd and Kale, Laxmikant V},
	booktitle={Proceedings of the International Conference for High Performance Computing, Networking, Storage and Analysis},
	pages={14},
	year={2016},
	organization={IEEE Press}
}



@inproceedings{chim2004traffic,
	title={Traffic distribution over equal-cost-multi-paths},
	author={Chim, Tat Wing and Yeung, Kwan L},
	booktitle={IEEE International Conference on Communications},
	volume={2},
	pages={1207--1211},
	year={2004},
	@organization={IEEE}
}




@inproceedings{kandula2005walking,
	title={Walking the tightrope: Responsive yet stable traffic engineering},
	author={Kandula, Srikanth and Katabi, Dina and Davie, Bruce and Charny, Anna},
	booktitle={ACM SIGCOMM CCR},
	volume={35},
	number={4},
	pages={253--264},
	year={2005},
	organization={ACM}
}



